

<record>
  <leader>     cz  a22     n  4500</leader>
  <controlfield tag="001">xx0252318</controlfield>
  <controlfield tag="003">CZ PrNK</controlfield>
  <controlfield tag="005">20201005095545.0</controlfield>
  <controlfield tag="008">201002|n|aznnnaabn           n a|a      </controlfield>
  <datafield tag="040" ind1=" " ind2=" ">
    <subfield code="a">ABG001</subfield>
    <subfield code="b">cze</subfield>
    <subfield code="d">ABA001</subfield>
    <subfield code="e">rda</subfield>
  </datafield>
  <datafield tag="100" ind1="1" ind2=" ">
    <subfield code="a">Adlerová, Martina</subfield>
    <subfield code="7">xx0252318</subfield>
  </datafield>
  <datafield tag="370" ind1=" " ind2=" ">
    <subfield code="c">Česko</subfield>
  </datafield>
  <datafield tag="372" ind1=" " ind2=" ">
    <subfield code="a">výchova a vzdělávání</subfield>
    <subfield code="a">čeština</subfield>
    <subfield code="a">angličtina</subfield>
    <subfield code="a">tělesná výchova</subfield>
    <subfield code="a">reportáže</subfield>
    <subfield code="a">rozhlasové pořady</subfield>
    <subfield code="a">sebeobrana</subfield>
    <subfield code="a">literární činnost</subfield>
  </datafield>
  <datafield tag="374" ind1=" " ind2=" ">
    <subfield code="a">učitelky</subfield>
    <subfield code="a">publicistky</subfield>
    <subfield code="a">trenérky</subfield>
  </datafield>
  <datafield tag="375" ind1=" " ind2=" ">
    <subfield code="a">žena</subfield>
  </datafield>
  <datafield tag="377" ind1=" " ind2=" ">
    <subfield code="a">cze</subfield>
  </datafield>
  <datafield tag="670" ind1=" " ind2=" ">
    <subfield code="a">Adlerová, Martina: K tabuli půjde vrah, 2020</subfield>
    <subfield code="b">autoritní forma, biografické údaje</subfield>
  </datafield>
  <datafield tag="678" ind1="0" ind2=" ">
    <subfield code="a">Učitelka češtiny, angličtiny a tělesné výchovy, trenérka sebeobrany, autorka románu a glos do pořadu Rozhlasový sloupek pro Český rozhlas České Budějovice. Autorka reportáží do časopisu Cykloturistika.</subfield>
  </datafield>
  <datafield tag="906" ind1=" " ind2=" ">
    <subfield code="a">za20201002</subfield>
    <subfield code="b">xhesr</subfield>
  </datafield>
  <datafield tag="906" ind1=" " ind2=" ">
    <subfield code="a">ko20201004</subfield>
    <subfield code="b">xjiva</subfield>
  </datafield>
  <datafield tag="906" ind1=" " ind2=" ">
    <subfield code="a">op20201005</subfield>
    <subfield code="b">kurd</subfield>
    <subfield code="c">678 - formální oprava</subfield>
  </datafield>
</record>