

<record>
  <leader>     nz  a22     n  4500</leader>
  <controlfield tag="001">jo20201087783</controlfield>
  <controlfield tag="003">CZ PrNK</controlfield>
  <controlfield tag="005">20201004214005.0</controlfield>
  <controlfield tag="008">201004|n|aznnnaabn           n a|a      </controlfield>
  <datafield tag="040" ind1=" " ind2=" ">
    <subfield code="a">ABA001</subfield>
    <subfield code="b">cze</subfield>
    <subfield code="e">rda</subfield>
  </datafield>
  <datafield tag="046" ind1=" " ind2=" ">
    <subfield code="f">1943</subfield>
  </datafield>
  <datafield tag="100" ind1="1" ind2=" ">
    <subfield code="a">Jahn, Otakar,</subfield>
    <subfield code="d">1943-</subfield>
    <subfield code="7">jo20201087783</subfield>
  </datafield>
  <datafield tag="370" ind1=" " ind2=" ">
    <subfield code="a">Praha, Česko</subfield>
    <subfield code="c">Česko</subfield>
  </datafield>
  <datafield tag="372" ind1=" " ind2=" ">
    <subfield code="a">hudba</subfield>
    <subfield code="a">hudební kompozice</subfield>
    <subfield code="a">hra na kytaru</subfield>
    <subfield code="a">big beat</subfield>
  </datafield>
  <datafield tag="373" ind1=" " ind2=" ">
    <subfield code="a">Mefisto (hudební skupina)</subfield>
  </datafield>
  <datafield tag="374" ind1=" " ind2=" ">
    <subfield code="a">hudebníci</subfield>
    <subfield code="a">hudební skladatelé</subfield>
    <subfield code="a">kytaristé</subfield>
  </datafield>
  <datafield tag="375" ind1=" " ind2=" ">
    <subfield code="a">muž</subfield>
  </datafield>
  <datafield tag="377" ind1=" " ind2=" ">
    <subfield code="a">cze</subfield>
  </datafield>
  <datafield tag="400" ind1="1" ind2=" ">
    <subfield code="a">Jahn, Ota,</subfield>
    <subfield code="d">1943-</subfield>
    <subfield code="0">o</subfield>
  </datafield>
  <datafield tag="670" ind1=" " ind2=" ">
    <subfield code="a">Jahn, Otakar. Čtyři koňský kopyta. In: Taneční série Panton. 8: 5 big beatových skladeb z repertoáru Mefisto [hudebnina]. Praha: Panton, 1965</subfield>
    <subfield code="b">autoritní forma</subfield>
  </datafield>
  <datafield tag="670" ind1=" " ind2=" ">
    <subfield code="a">www(Ota Jahn. In: Osobnosti-kultury.cz), cit. 4. 10. 2020</subfield>
    <subfield code="b">datum narození, biografické údaje, odkaz viz</subfield>
  </datafield>
  <datafield tag="670" ind1=" " ind2=" ">
    <subfield code="a">www(Wikipedie, otevřená encyklopedie - Mefisto), cit. 4. 10. 2020</subfield>
    <subfield code="b">biografické údaje</subfield>
    <subfield code="u">https://cs.wikipedia.org/wiki/Mefisto_(hudební_skupina)</subfield>
  </datafield>
  <datafield tag="670" ind1=" " ind2=" ">
    <subfield code="a">www(Vintage Guitars Jolana. In: Facebook), cit. 4. 10. 2020</subfield>
    <subfield code="b">biografické údaje</subfield>
  </datafield>
  <datafield tag="678" ind1="0" ind2=" ">
    <subfield code="a">Narozen 23. 8. 1943 v Praze. Kytarista, zpěvák, hudební skladatel. Člen skupiny Mefisto.</subfield>
  </datafield>
  <datafield tag="906" ind1=" " ind2=" ">
    <subfield code="a">br20201004</subfield>
    <subfield code="b">beba</subfield>
  </datafield>
</record>