

<record>
  <leader>     nz  a22     n  4500</leader>
  <controlfield tag="001">ge1087787</controlfield>
  <controlfield tag="003">CZ PrNK</controlfield>
  <controlfield tag="005">20201006115041.0</controlfield>
  <controlfield tag="008">201005|n|acznnbabn           n a|a      </controlfield>
  <datafield tag="034" ind1=" " ind2=" ">
    <subfield code="d">E015.4921</subfield>
    <subfield code="e">E015.4921</subfield>
    <subfield code="f">N045.9590</subfield>
    <subfield code="g">N045.9590</subfield>
  </datafield>
  <datafield tag="040" ind1=" " ind2=" ">
    <subfield code="a">BOD004</subfield>
    <subfield code="b">cze</subfield>
    <subfield code="d">ABA001</subfield>
  </datafield>
  <datafield tag="043" ind1=" " ind2=" ">
    <subfield code="a">e-xv---</subfield>
  </datafield>
  <datafield tag="080" ind1=" " ind2=" ">
    <subfield code="a">(497.4)</subfield>
    <subfield code="2">MRF_2014</subfield>
  </datafield>
  <datafield tag="151" ind1=" " ind2=" ">
    <subfield code="a">Krško (Slovinsko : oblast)</subfield>
    <subfield code="7">ge1087787</subfield>
  </datafield>
  <datafield tag="551" ind1=" " ind2=" ">
    <subfield code="a">Krško (Slovinsko)</subfield>
    <subfield code="7">ge828232</subfield>
  </datafield>
  <datafield tag="751" ind1="0" ind2="7">
    <subfield code="a">Krško Region (Slovenia)</subfield>
    <subfield code="2">eczenas</subfield>
  </datafield>
  <datafield tag="GPS" ind1=" " ind2=" ">
    <subfield code="a">45°57'32.4"N</subfield>
    <subfield code="c">15°29'31.7"E</subfield>
  </datafield>
  <datafield tag="956" ind1="4" ind2=" ">
    <subfield code="u">http://aleph.nkp.cz/aleph-cgi/show_map?ll=45.95900,15.49214&amp;z=12</subfield>
    <subfield code="y">Zobrazit na mapě</subfield>
    <subfield code="4">N</subfield>
  </datafield>
  <datafield tag="906" ind1=" " ind2=" ">
    <subfield code="a">za20201005</subfield>
    <subfield code="b">kourilova</subfield>
  </datafield>
  <datafield tag="906" ind1=" " ind2=" ">
    <subfield code="a">wr20201006</subfield>
    <subfield code="b">napo</subfield>
  </datafield>
</record>