

<record>
  <leader>     nz  a22     n  4500</leader>
  <controlfield tag="001">xx0252330</controlfield>
  <controlfield tag="003">CZ PrNK</controlfield>
  <controlfield tag="005">20201005162911.0</controlfield>
  <controlfield tag="008">201005|n|aznnnaabn           n a|a      </controlfield>
  <datafield tag="040" ind1=" " ind2=" ">
    <subfield code="a">ABA008</subfield>
    <subfield code="b">cze</subfield>
    <subfield code="d">ABA001</subfield>
    <subfield code="e">rda</subfield>
  </datafield>
  <datafield tag="111" ind1="2" ind2=" ">
    <subfield code="a">Franz Gross Hypertonie Symposium</subfield>
    <subfield code="d">(1991 :</subfield>
    <subfield code="c">Kronberg im Taunus, Německo)</subfield>
    <subfield code="7">xx0252330</subfield>
  </datafield>
  <datafield tag="368" ind1=" " ind2=" ">
    <subfield code="a">sympozia</subfield>
  </datafield>
  <datafield tag="370" ind1=" " ind2=" ">
    <subfield code="c">Německo</subfield>
    <subfield code="e">Kronberg im Taunus, Německo</subfield>
  </datafield>
  <datafield tag="372" ind1=" " ind2=" ">
    <subfield code="a">lékařství</subfield>
    <subfield code="a">kardiologie</subfield>
    <subfield code="a">patologie</subfield>
  </datafield>
  <datafield tag="377" ind1=" " ind2=" ">
    <subfield code="a">ger</subfield>
  </datafield>
  <datafield tag="411" ind1="2" ind2=" ">
    <subfield code="a">Gefäß- und Herzhypertrophie: von der Molekularbiologie zur Therapie (sympozium)</subfield>
    <subfield code="d">(1991:</subfield>
    <subfield code="c">Kronberg im Taunus, Německo)</subfield>
    <subfield code="0">o</subfield>
  </datafield>
  <datafield tag="670" ind1=" " ind2=" ">
    <subfield code="a">Ganten, Detlev, Mall, Gerhard: Gefäß- und Herzhypertrophie, Stuttgart, 1992</subfield>
  </datafield>
  <datafield tag="670" ind1=" " ind2=" ">
    <subfield code="a">NLM (Names), cit. 5. 10. 2020</subfield>
    <subfield code="b">autoritní forma</subfield>
  </datafield>
  <datafield tag="675" ind1=" " ind2=" ">
    <subfield code="a">LC (Names), cit. 5. 10. 2020</subfield>
  </datafield>
  <datafield tag="906" ind1=" " ind2=" ">
    <subfield code="a">za20201005</subfield>
    <subfield code="b">xlufr</subfield>
  </datafield>
  <datafield tag="906" ind1=" " ind2=" ">
    <subfield code="a">vr20201005</subfield>
    <subfield code="b">svsv</subfield>
  </datafield>
</record>