

<record>
  <leader>     nz  a22     n  4500</leader>
  <controlfield tag="001">jo20201087799</controlfield>
  <controlfield tag="003">CZ PrNK</controlfield>
  <controlfield tag="005">20201005084841.0</controlfield>
  <controlfield tag="008">201005|n|aznnnaabn           n a|a      </controlfield>
  <datafield tag="040" ind1=" " ind2=" ">
    <subfield code="a">ABA001</subfield>
    <subfield code="b">cze</subfield>
    <subfield code="e">rda</subfield>
  </datafield>
  <datafield tag="046" ind1=" " ind2=" ">
    <subfield code="f">1895</subfield>
  </datafield>
  <datafield tag="100" ind1="1" ind2=" ">
    <subfield code="a">Veit, Karel,</subfield>
    <subfield code="d">1895-</subfield>
    <subfield code="7">jo20201087799</subfield>
  </datafield>
  <datafield tag="368" ind1=" " ind2=" ">
    <subfield code="d">pplk. gšt.</subfield>
    <subfield code="s">1937</subfield>
  </datafield>
  <datafield tag="370" ind1=" " ind2=" ">
    <subfield code="a">Maršovice, Petrovice u Sušice, Česko</subfield>
  </datafield>
  <datafield tag="372" ind1=" " ind2=" ">
    <subfield code="a">vojenství</subfield>
  </datafield>
  <datafield tag="374" ind1=" " ind2=" ">
    <subfield code="a">vojenští velitelé</subfield>
  </datafield>
  <datafield tag="375" ind1=" " ind2=" ">
    <subfield code="a">muž</subfield>
  </datafield>
  <datafield tag="377" ind1=" " ind2=" ">
    <subfield code="a">cze</subfield>
  </datafield>
  <datafield tag="670" ind1=" " ind2=" ">
    <subfield code="a">Boj malých jednotek: čtvero aplikačních cvičení na plastickém stole; napsal Major Gérin ; se svolením autorovým z francouzštiny přeložili Quido Matoušek, Karel Veit a Miroslav Holub. V Praze: vydal Vědecký ústav vojenský, 1930</subfield>
    <subfield code="b">autoritní forma</subfield>
  </datafield>
  <datafield tag="670" ind1=" " ind2=" ">
    <subfield code="a">www(VOJENSKÝ ÚSTŘEDNÍ ARCHIV), cit. 5. 10. 2020</subfield>
    <subfield code="b">biografické údaje, úplné datum a místo narození</subfield>
  </datafield>
  <datafield tag="678" ind1="0" ind2=" ">
    <subfield code="a">Narozen 26. 1. 1895 v Maršovicích. Armádní důstojník, člen italských legií, též spoluautor překadu vojenské učebnice z francouzštiny do češtiny.</subfield>
  </datafield>
  <datafield tag="906" ind1=" " ind2=" ">
    <subfield code="a">br20201005</subfield>
    <subfield code="b">lisi</subfield>
  </datafield>
</record>