

<record>
  <leader>     nz  a22     n  4500</leader>
  <datafield tag="900" ind1=" " ind2=" ">
    <subfield code="a">N-NÁVRH-VP</subfield>
  </datafield>
  <controlfield tag="001">aun20201087801</controlfield>
  <controlfield tag="003">CZ PrNK</controlfield>
  <controlfield tag="005">20201005085039.0</controlfield>
  <controlfield tag="008">201005|n|aznnnaabn           n a|a      </controlfield>
  <datafield tag="040" ind1=" " ind2=" ">
    <subfield code="a">ABA004</subfield>
    <subfield code="b">cze</subfield>
    <subfield code="e">rda</subfield>
  </datafield>
  <datafield tag="100" ind1="1" ind2=" ">
    <subfield code="a">Međedović, Avdo,</subfield>
    <subfield code="d">1875-1953.</subfield>
    <subfield code="t">Ženidba Smailagić Meha</subfield>
    <subfield code="7">aun20201087801</subfield>
  </datafield>
  <datafield tag="670" ind1=" " ind2=" ">
    <subfield code="a">Čogurić, Aleksandar: Avdo Međedović Ženidba Smailagić Meha - odraz orijentalno-islamskoga kulturnoga obrasca u Crnoj Gori, Cetinje, 2018</subfield>
  </datafield>
  <datafield tag="670" ind1=" " ind2=" ">
    <subfield code="a">COBISS.CG</subfield>
  </datafield>
  <datafield tag="670" ind1=" " ind2=" ">
    <subfield code="a">www(Wikipedia, the free encyclopedia)</subfield>
  </datafield>
  <datafield tag="906" ind1=" " ind2=" ">
    <subfield code="a">za20201005</subfield>
    <subfield code="b">jado</subfield>
  </datafield>
</record>