

<record>
  <leader>     cz  a22     n  4500</leader>
  <controlfield tag="001">hka20201087810</controlfield>
  <controlfield tag="003">CZ PrNK</controlfield>
  <controlfield tag="005">20201005121252.0</controlfield>
  <controlfield tag="008">201005|n|aznnnaabn           n a|a      </controlfield>
  <datafield tag="040" ind1=" " ind2=" ">
    <subfield code="a">HKA001</subfield>
    <subfield code="b">cze</subfield>
    <subfield code="d">ABA001</subfield>
    <subfield code="e">rda</subfield>
  </datafield>
  <datafield tag="110" ind1="2" ind2=" ">
    <subfield code="a">Zvolenský zámok (Slovensko)</subfield>
    <subfield code="7">hka20201087810</subfield>
  </datafield>
  <datafield tag="MOR" ind1="1" ind2=" ">
    <subfield code="a">Zvolenský zámok (hrad)</subfield>
    <subfield code="7">hka20201087810</subfield>
  </datafield>
  <datafield tag="368" ind1=" " ind2=" ">
    <subfield code="a">zámky</subfield>
    <subfield code="a">hrady</subfield>
  </datafield>
  <datafield tag="370" ind1=" " ind2=" ">
    <subfield code="c">Slovensko</subfield>
    <subfield code="e">Zvolen, Slovensko</subfield>
  </datafield>
  <datafield tag="372" ind1=" " ind2=" ">
    <subfield code="a">národní kulturní památky</subfield>
  </datafield>
  <datafield tag="377" ind1=" " ind2=" ">
    <subfield code="a">slo</subfield>
  </datafield>
  <datafield tag="410" ind1="2" ind2=" ">
    <subfield code="a">Zámok Zvolen</subfield>
    <subfield code="0">o</subfield>
  </datafield>
  <datafield tag="410" ind1="2" ind2=" ">
    <subfield code="a">Hrad Zvolen</subfield>
    <subfield code="0">o</subfield>
  </datafield>
  <datafield tag="410" ind1="2" ind2=" ">
    <subfield code="a">Zvolen (hrad : Slovensko)</subfield>
    <subfield code="0">o</subfield>
  </datafield>
  <datafield tag="410" ind1="2" ind2=" ">
    <subfield code="a">Zvolenský hrad (Slovensko)</subfield>
    <subfield code="0">o</subfield>
  </datafield>
  <datafield tag="670" ind1=" " ind2=" ">
    <subfield code="a">Zvolenský zámok : od sídla kráľov po Slovenskú národnú galériu : 1370-1969 : / koncepcia zborníku: Mária Ťavodová ; texty: Diana Duchoňová, Zuzana Ludiková, Mária Ťavodová, Pavol Maliniak, Martin Miňo, Michal Šimkovic, 2019</subfield>
    <subfield code="b">biografická poznámka</subfield>
  </datafield>
  <datafield tag="670" ind1=" " ind2=" ">
    <subfield code="a">SNK, cit. 5. 10. 2020</subfield>
    <subfield code="b">autoritní forma, odkazy viz</subfield>
  </datafield>
  <datafield tag="670" ind1=" " ind2=" ">
    <subfield code="a">www(Wikipédia, slobodná encyklopédia), cit. 5. 10. 2020</subfield>
    <subfield code="b">biografická poznámka</subfield>
    <subfield code="u">https://sk.wikipedia.org/wiki/Zvolensk%C3%BD_hrad_(nov%C3%BD)</subfield>
  </datafield>
  <datafield tag="670" ind1=" " ind2=" ">
    <subfield code="a">www(Zvolenský zámok), cit. 5. 10. 2020</subfield>
    <subfield code="b">biografická poznámka</subfield>
    <subfield code="u">https://zvolenskyzamok.sk/</subfield>
  </datafield>
  <datafield tag="675" ind1=" " ind2=" ">
    <subfield code="a">LC (Names), cit. 5. 10. 2020</subfield>
  </datafield>
  <datafield tag="678" ind1=" " ind2=" ">
    <subfield code="a">Zvolenský zámok je hrad v centru Zvolena, který byl postaven v letech 1360-1382.</subfield>
  </datafield>
  <datafield tag="906" ind1=" " ind2=" ">
    <subfield code="a">za20201005</subfield>
    <subfield code="b">hrncirova</subfield>
  </datafield>
  <datafield tag="906" ind1=" " ind2=" ">
    <subfield code="a">ko20201005</subfield>
    <subfield code="b">masp</subfield>
  </datafield>
  <datafield tag="906" ind1=" " ind2=" ">
    <subfield code="a">oz20201005</subfield>
    <subfield code="b">svsv</subfield>
    <subfield code="c">Záhlaví - oprava; Viz - další výskyt; Negativní zdroj - nově</subfield>
  </datafield>
</record>