

<record>
  <leader>     nz  a22     n  4500</leader>
  <datafield tag="900" ind1=" " ind2=" ">
    <subfield code="a">*J-NÁVRH-STT</subfield>
  </datafield>
  <controlfield tag="001">ola20201087819</controlfield>
  <controlfield tag="003">CZ PrNK</controlfield>
  <controlfield tag="005">20201005095010.0</controlfield>
  <controlfield tag="008">201005|n|aznnnaabn           n a|a      </controlfield>
  <datafield tag="040" ind1=" " ind2=" ">
    <subfield code="a">OLA001</subfield>
    <subfield code="b">cze</subfield>
    <subfield code="e">rda</subfield>
  </datafield>
  <datafield tag="100" ind1="1" ind2=" ">
    <subfield code="a">Brand, Guilielmus de,</subfield>
    <subfield code="d">činný 17. století-18. století</subfield>
    <subfield code="7">ola20201087819</subfield>
  </datafield>
  <datafield tag="370" ind1=" " ind2=" ">
    <subfield code="c">Německo</subfield>
    <subfield code="c">Rakousko</subfield>
    <subfield code="c">Maďarsko</subfield>
    <subfield code="f">Düsseldorf, Německo</subfield>
  </datafield>
  <datafield tag="372" ind1=" " ind2=" ">
    <subfield code="a">státní správa</subfield>
    <subfield code="a">lékařství</subfield>
  </datafield>
  <datafield tag="374" ind1=" " ind2=" ">
    <subfield code="a">lékaři</subfield>
    <subfield code="a">šlechtici</subfield>
  </datafield>
  <datafield tag="375" ind1=" " ind2=" ">
    <subfield code="a">muž</subfield>
  </datafield>
  <datafield tag="377" ind1=" " ind2=" ">
    <subfield code="a">lat</subfield>
  </datafield>
  <datafield tag="670" ind1=" " ind2=" ">
    <subfield code="a">Erste Schiffahrt In die Orientalische Indien. So die Holländische Schiff, im Martio 1595. außgefahren, und im Augusto 1597 (Na předním přídeští heraldické exlibris s textem: "GUILIELMUS DE BRAND Dusseldorpio Montanus Sac. Caes. et Reg. Maj. medicus aulicus et regni Hungariae eques"). Franckfurt am Mayn, 1606.</subfield>
    <subfield code="b">autoritní forma, biografické údaje</subfield>
  </datafield>
  <datafield tag="670" ind1=" " ind2=" ">
    <subfield code="a">Kupčík, Ivan: Portolánový atlas Jaume Olivese, 2010.</subfield>
    <subfield code="b">biografické údaje</subfield>
  </datafield>
  <datafield tag="675" ind1=" " ind2=" ">
    <subfield code="a">DNB, cit. 5. 10. 2020</subfield>
  </datafield>
  <datafield tag="678" ind1="0" ind2=" ">
    <subfield code="a">Císařský dvorní lékař, rytíř království Uherského. Patrně pocházel z Düsseldorfu.</subfield>
  </datafield>
  <datafield tag="906" ind1=" " ind2=" ">
    <subfield code="a">za20201005</subfield>
    <subfield code="b">jigl</subfield>
  </datafield>
</record>