

<record>
  <leader>     nz  a22     n  4500</leader>
  <controlfield tag="001">kv20201087820</controlfield>
  <controlfield tag="003">CZ PrNK</controlfield>
  <controlfield tag="005">20201005104853.0</controlfield>
  <controlfield tag="008">201005|n|aznnnaabn           n a|a      </controlfield>
  <datafield tag="040" ind1=" " ind2=" ">
    <subfield code="a">KVG001</subfield>
    <subfield code="b">cze</subfield>
    <subfield code="d">ABA001</subfield>
    <subfield code="e">rda</subfield>
  </datafield>
  <datafield tag="110" ind1="2" ind2=" ">
    <subfield code="a">TUNA Production (firma)</subfield>
    <subfield code="7">kv20201087820</subfield>
  </datafield>
  <datafield tag="368" ind1=" " ind2=" ">
    <subfield code="a">firmy</subfield>
    <subfield code="a">společnosti s ručením omezeným</subfield>
  </datafield>
  <datafield tag="370" ind1=" " ind2=" ">
    <subfield code="c">Česko</subfield>
    <subfield code="e">Dolní Žďár, Ostrov, Karlovy Vary, Česko</subfield>
  </datafield>
  <datafield tag="372" ind1=" " ind2=" ">
    <subfield code="a">dřevěné výrobky</subfield>
    <subfield code="a">dřevěné hračky</subfield>
    <subfield code="a">deskové hry</subfield>
    <subfield code="a">potřeby pro domácnost</subfield>
  </datafield>
  <datafield tag="377" ind1=" " ind2=" ">
    <subfield code="a">cze</subfield>
  </datafield>
  <datafield tag="410" ind1="2" ind2=" ">
    <subfield code="a">TUNA Production, s.r.o.</subfield>
    <subfield code="0">o</subfield>
  </datafield>
  <datafield tag="670" ind1=" " ind2=" ">
    <subfield code="a">Kozohorský, P.: Desková hra pro děti i kandidáty věd. In: Mladá fronta Dnes - Karlovarský kraj. Roč. 31, č. 223 (20200923), s. 13</subfield>
  </datafield>
  <datafield tag="670" ind1=" " ind2=" ">
    <subfield code="a">www (TUNA - Production), cit. 5. 10. 2020</subfield>
    <subfield code="u">http://combi-wood.cz/</subfield>
  </datafield>
  <datafield tag="678" ind1=" " ind2=" ">
    <subfield code="a">Firma byla založena v roce 2014.</subfield>
  </datafield>
  <datafield tag="906" ind1=" " ind2=" ">
    <subfield code="a">za20201005</subfield>
    <subfield code="b">idus</subfield>
  </datafield>
  <datafield tag="906" ind1=" " ind2=" ">
    <subfield code="a">vr20201005</subfield>
    <subfield code="b">svsv</subfield>
  </datafield>
</record>