

<record>
  <leader>     nz  a22     n  4500</leader>
  <datafield tag="900" ind1=" " ind2=" ">
    <subfield code="a">*J-NÁVRH-STT</subfield>
  </datafield>
  <controlfield tag="001">ola20201087834</controlfield>
  <controlfield tag="003">CZ PrNK</controlfield>
  <controlfield tag="005">20201005141800.0</controlfield>
  <controlfield tag="008">201005|n|aznnnaabn           n a|a      </controlfield>
  <datafield tag="040" ind1=" " ind2=" ">
    <subfield code="a">OLA001</subfield>
    <subfield code="b">cze</subfield>
    <subfield code="e">rda</subfield>
  </datafield>
  <datafield tag="046" ind1=" " ind2=" ">
    <subfield code="f">1683</subfield>
    <subfield code="g">1734</subfield>
  </datafield>
  <datafield tag="100" ind1="1" ind2=" ">
    <subfield code="a">Schwabel ze Schwalbenfeldu, Johann Josef,</subfield>
    <subfield code="d">1683-asi 1734</subfield>
    <subfield code="7">ola20201087834</subfield>
  </datafield>
  <datafield tag="MOR" ind1="0" ind2=" ">
    <subfield code="a">Schwabel ze Schwalbenfeldu, Johann Josef,</subfield>
    <subfield code="d">1683-před 1734</subfield>
    <subfield code="7">ola20201087834</subfield>
  </datafield>
  <datafield tag="370" ind1=" " ind2=" ">
    <subfield code="c">Česko</subfield>
    <subfield code="f">Praha</subfield>
  </datafield>
  <datafield tag="372" ind1=" " ind2=" ">
    <subfield code="a">státní správa</subfield>
    <subfield code="a">právo</subfield>
  </datafield>
  <datafield tag="374" ind1=" " ind2=" ">
    <subfield code="a">právníci</subfield>
  </datafield>
  <datafield tag="375" ind1=" " ind2=" ">
    <subfield code="a">muž</subfield>
  </datafield>
  <datafield tag="400" ind1="1" ind2=" ">
    <subfield code="a">&lt;&lt;ze&gt;&gt; Schwalbenfeldu, Jan Josef,</subfield>
    <subfield code="d">1683-asi 1734</subfield>
    <subfield code="0">o</subfield>
  </datafield>
  <datafield tag="400" ind1="1" ind2=" ">
    <subfield code="a">Schwabel de Schwalbenfeld, Johann Josef,</subfield>
    <subfield code="d">1683-asi 1734</subfield>
    <subfield code="0">o</subfield>
  </datafield>
  <datafield tag="400" ind1="1" ind2=" ">
    <subfield code="a">Šwáb z Šwalbenfeldu, Johann Josef,</subfield>
    <subfield code="d">1683-asi 1734</subfield>
    <subfield code="0">o</subfield>
  </datafield>
  <datafield tag="400" ind1="1" ind2=" ">
    <subfield code="a">Schwabel von Schwalbenfeld, Johann Josef,</subfield>
    <subfield code="d">1683-asi 1734</subfield>
    <subfield code="0">o</subfield>
  </datafield>
  <datafield tag="670" ind1=" " ind2=" ">
    <subfield code="a">Mašek, Petr. Šlechtické rody v Čechách, na Moravě a ve Slezsku od Bílé hory do současnosti. Vyd. 1. Praha: Argo, 2010. 2 sv., s. 267.</subfield>
    <subfield code="b">autoritní forma, rok narození a úmrtí, biografické údaje</subfield>
  </datafield>
  <datafield tag="670" ind1=" " ind2=" ">
    <subfield code="a">Lifka, Bohumír. Minulost a přítomnost knižní kultury ve Žďáře nad Sázavou: V úpravě a s kresbami Karla Svolinského na titulním listě, vazbě a přebalu. 1. vydání. Brno: Krajské nakladatelství, 1964, s. 61-62, 138.</subfield>
    <subfield code="b">biografické údaje</subfield>
  </datafield>
  <datafield tag="670" ind1=" " ind2=" ">
    <subfield code="a">www (branamoudrosti.cz) https://nobilitas.mapy.mzk.cz/osoby/73, cit. 5. 10. 2020</subfield>
    <subfield code="b">biografické údaje</subfield>
  </datafield>
  <datafield tag="670" ind1=" " ind2=" ">
    <subfield code="a">Špačková, Markéta, Svatonepomucenská kázání pronesená v poutním kostele sv. Jana Nepomuckého na Zelené Hoře. Magisterská diplomová práce, FFUP. Olomouc 2014, s. 47-48.</subfield>
    <subfield code="b">biografické údaje</subfield>
  </datafield>
  <datafield tag="670" ind1=" " ind2=" ">
    <subfield code="a">Selden, John: De jure naturali et gentium, juxta disciplinam Ebraeorum, libri septem. (Na předním přídeští vlepeno grafické heraldické exlibris, mědirytina s páskou a textem: "Ex Bibliotheca Joan: Jose: De Schwalbenfeldt") -- Lipsiae et Francofurti: Apud Jeremiam Schrey. Literis Goderitschianis,[1690-1700].</subfield>
  </datafield>
  <datafield tag="678" ind1="0" ind2=" ">
    <subfield code="a">Narozen 20. 3. 1683 v Praze, zemřel před rokem 1734, příslušník původně slezského rodu, jehož předci byli povýšeni do šlechtického stavu s predikátem "ze Schwalbenfeldu". Působil jako přísedící apelačního soudu v Praze.</subfield>
  </datafield>
  <datafield tag="856" ind1="4" ind2="2">
    <subfield code="u">https://aleph.vkol.cz/exlibris/aleph/a22_1/apache_media/5XRR17MKHXKQ71YK4JIYIST8DX3FUU.jpg</subfield>
    <subfield code="y">Na předním přídeští vlepeno grafické heraldické exlibris, mědirytina s páskou s textem: "Ex Bibliotheca Joan: Jose: De Schwalbenfeldt"</subfield>
    <subfield code="4">N</subfield>
  </datafield>
  <datafield tag="906" ind1=" " ind2=" ">
    <subfield code="a">za20201005</subfield>
    <subfield code="b">novotny</subfield>
  </datafield>
</record>