

<record>
  <leader>     nz  a22     n  4500</leader>
  <datafield tag="900" ind1=" " ind2=" ">
    <subfield code="a">J-NÁVRH-STT</subfield>
  </datafield>
  <controlfield tag="001">ntk20201087836</controlfield>
  <controlfield tag="003">CZ PrNK</controlfield>
  <controlfield tag="005">20201006192304.0</controlfield>
  <controlfield tag="008">201005|n|aznnnaabn           n a|a      </controlfield>
  <datafield tag="024" ind1="7" ind2=" ">
    <subfield code="a">Q55193377</subfield>
    <subfield code="2">wikidata</subfield>
  </datafield>
  <datafield tag="040" ind1=" " ind2=" ">
    <subfield code="a">ABA013</subfield>
    <subfield code="b">cze</subfield>
    <subfield code="e">rda</subfield>
  </datafield>
  <datafield tag="046" ind1=" " ind2=" ">
    <subfield code="f">1718</subfield>
    <subfield code="g">1776</subfield>
  </datafield>
  <datafield tag="100" ind1="1" ind2=" ">
    <subfield code="a">Stockhausen, Johann Friedrich,</subfield>
    <subfield code="d">1718-1776</subfield>
    <subfield code="7">ntk20201087836</subfield>
  </datafield>
  <datafield tag="368" ind1=" " ind2=" ">
    <subfield code="d">Philos. D. Et Artivm Mag.</subfield>
    <subfield code="d">Weltweisheit Magister</subfield>
  </datafield>
  <datafield tag="370" ind1=" " ind2=" ">
    <subfield code="a">Gladenbach, Německo</subfield>
    <subfield code="b">Kirdorf, Bad Homburg, Německo</subfield>
    <subfield code="c">Německo</subfield>
    <subfield code="f">Kirdorf, Bad Homburg, Německo</subfield>
    <subfield code="f">Helmstedt, Německo</subfield>
  </datafield>
  <datafield tag="372" ind1=" " ind2=" ">
    <subfield code="a">teologie</subfield>
    <subfield code="a">matematika</subfield>
    <subfield code="a">filozofie</subfield>
  </datafield>
  <datafield tag="374" ind1=" " ind2=" ">
    <subfield code="a">teologové</subfield>
    <subfield code="a">kazatelé</subfield>
    <subfield code="a">matematici</subfield>
    <subfield code="a">filozofové</subfield>
  </datafield>
  <datafield tag="375" ind1=" " ind2=" ">
    <subfield code="a">muž</subfield>
  </datafield>
  <datafield tag="377" ind1=" " ind2=" ">
    <subfield code="a">ger</subfield>
    <subfield code="a">lat</subfield>
  </datafield>
  <datafield tag="400" ind1="1" ind2=" ">
    <subfield code="a">Stockhausen, Johann Friederich,</subfield>
    <subfield code="d">1718-1776</subfield>
    <subfield code="0">o</subfield>
  </datafield>
  <datafield tag="400" ind1="1" ind2=" ">
    <subfield code="a">Stockhaussen, Johann Fridrich,</subfield>
    <subfield code="d">1718-1776</subfield>
    <subfield code="0">o</subfield>
  </datafield>
  <datafield tag="400" ind1="1" ind2=" ">
    <subfield code="a">Stockhaussen, Johann Friedrich,</subfield>
    <subfield code="d">1718-1776</subfield>
    <subfield code="0">o</subfield>
  </datafield>
  <datafield tag="400" ind1="1" ind2=" ">
    <subfield code="a">Stockhausen, Johannes Friedrich,</subfield>
    <subfield code="d">1718-1776</subfield>
    <subfield code="0">o</subfield>
  </datafield>
  <datafield tag="400" ind1="1" ind2=" ">
    <subfield code="a">Stockhavsen, Io. Frid.,</subfield>
    <subfield code="d">1718-1776</subfield>
    <subfield code="0">o</subfield>
  </datafield>
  <datafield tag="667" ind1=" " ind2=" ">
    <subfield code="a">http://d-nb.info/gnd/10434850X.</subfield>
  </datafield>
  <datafield tag="667" ind1=" " ind2=" ">
    <subfield code="a">Wikidata uvádějí jako místo úmrtí německý Kirdorf (Bad Homburg in Hochtaunuskreis), stejně tak zdroj ADB &amp; NDB, Geneanet však uvádí město Kirtorf (Landkreis Vogelsbergkreis), v citované publikaci je v afiliaci autora uveden také Kirtorf.</subfield>
  </datafield>
  <datafield tag="670" ind1=" " ind2=" ">
    <subfield code="a">Historische Anfangsgründe der Mathematik: worinnen der Ursprung, Wachsthum, mancherley Veränderung und heutiger Zustand sowohl der Mathematik überhaupt, ... Von M. Johann Friederich Stockhausen Past. zu Kirtorf in Hessen, wie auch der Herzoglich-Deutschen Gesellschaft in Helmstädt Mitgliede. Berlin: verlegts A. Haude und J. C. Spener, Königl. und der Academie der Wißenschaften Buchhändler, 1752</subfield>
    <subfield code="b">odkaz viz, afiliace</subfield>
    <subfield code="u">http://mdz-nbn-resolving.de/urn:nbn:de:bvb:12-bsb10594289-2</subfield>
  </datafield>
  <datafield tag="670" ind1=" " ind2=" ">
    <subfield code="a">DNB, cit. 5. 10. 2020</subfield>
    <subfield code="b">autoritní forma, odkazy viz, datum narození a úmrtí</subfield>
    <subfield code="u">http://d-nb.info/gnd/10434850X</subfield>
  </datafield>
  <datafield tag="670" ind1=" " ind2=" ">
    <subfield code="a">ADB &amp; NDB, cit. 5. 10. 2020</subfield>
    <subfield code="b">místo narození a úmrtí, biografické a profesní údaje</subfield>
    <subfield code="u">https://www.deutsche-biographie.de/pnd10434850X.html</subfield>
  </datafield>
  <datafield tag="670" ind1=" " ind2=" ">
    <subfield code="a">www(Geneanet, Johan Friedrich STOCKHAUSEN), cit. 5. 10. 2020</subfield>
    <subfield code="b">rodinné vazby</subfield>
    <subfield code="u">https://gw.geneanet.org/gpmm?lang=fr&amp;pz=genevieve+pauline+marie+marcelle&amp;nz=bebronne&amp;p=johann+friedrich&amp;n=stockhausen</subfield>
  </datafield>
  <datafield tag="678" ind1="0" ind2=" ">
    <subfield code="a">Německý teolog, kazatel a filozof. Působil v německém Kirdorfu (Bad Homburg vor der Höhe, Hesensko). Publikoval různé teologické spisy, ale zabýval se také matematickými studiemi a sbíral historické poznámky k této vědě, na základě kterých vydal v r. 1752 publikaci „Historické základy matematiky“. Byl spolupracovníkem vévodské německé Společnosti na Helmstedtské univerzitě. Jeho otcem byl teolog a kazatel Anton Daniel Stockhausen (1683-1746) a jeho bratrem pedagog a teolog Johann Christoph Stockhausen (1725-1784).</subfield>
  </datafield>
  <datafield tag="906" ind1=" " ind2=" ">
    <subfield code="a">za20201005</subfield>
    <subfield code="b">evbr</subfield>
  </datafield>
  <datafield tag="906" ind1=" " ind2=" ">
    <subfield code="a">ko20201006</subfield>
    <subfield code="b">evbr</subfield>
  </datafield>
</record>