

<record>
  <leader>     nz  a22     n  4500</leader>
  <controlfield tag="001">aun20201087841</controlfield>
  <controlfield tag="003">CZ PrNK</controlfield>
  <controlfield tag="005">20201005105513.0</controlfield>
  <controlfield tag="008">201005|n|aznnnaabn           n a|a      </controlfield>
  <datafield tag="040" ind1=" " ind2=" ">
    <subfield code="a">ABA001</subfield>
    <subfield code="b">cze</subfield>
    <subfield code="e">rda</subfield>
  </datafield>
  <datafield tag="100" ind1="1" ind2=" ">
    <subfield code="a">Sedláček, Tomáš,</subfield>
    <subfield code="d">1977 leden 23.-</subfield>
    <subfield code="t">(R)evoluční ekonomie - o systému a lidech</subfield>
    <subfield code="7">aun20201087841</subfield>
  </datafield>
  <datafield tag="400" ind1="1" ind2=" ">
    <subfield code="a">Graeber, David,</subfield>
    <subfield code="d">1961-2020.</subfield>
    <subfield code="t">(R)evoluční ekonomie - o systému a lidech</subfield>
    <subfield code="0">o</subfield>
  </datafield>
  <datafield tag="670" ind1=" " ind2=" ">
    <subfield code="a">Tomáš Sedláček, David Graeber: Revolution oder Evolution. München : Hanser, 2013</subfield>
  </datafield>
  <datafield tag="670" ind1=" " ind2=" ">
    <subfield code="a">Tomáš Sedláček, David Graeber: Revoluční ekonomie: O systému a lidech: Rozhovor s Romanem Chlupatým. Praha : 65. pole, 2013</subfield>
  </datafield>
  <datafield tag="670" ind1=" " ind2=" ">
    <subfield code="a">ies.fsv.cuni.cz/sci/publication/</subfield>
  </datafield>
  <datafield tag="678" ind1=" " ind2=" ">
    <subfield code="a">Společné dílo s Davidem Graeberem.</subfield>
  </datafield>
  <datafield tag="906" ind1=" " ind2=" ">
    <subfield code="a">br20201005</subfield>
    <subfield code="b">jasv</subfield>
  </datafield>
  <datafield tag="906" ind1=" " ind2=" ">
    <subfield code="a">ks20201005</subfield>
    <subfield code="b">jasv</subfield>
  </datafield>
</record>