

<record>
  <leader>     cz  a22     n  4500</leader>
  <controlfield tag="001">xx0252343</controlfield>
  <controlfield tag="003">CZ PrNK</controlfield>
  <controlfield tag="005">20201005163031.0</controlfield>
  <controlfield tag="008">201005|n|aznnnaabn           n a|a      </controlfield>
  <datafield tag="040" ind1=" " ind2=" ">
    <subfield code="a">ABA008</subfield>
    <subfield code="b">cze</subfield>
    <subfield code="d">ABA001</subfield>
    <subfield code="e">rda</subfield>
  </datafield>
  <datafield tag="111" ind1="2" ind2=" ">
    <subfield code="a">Telč a jezuité, řád a jeho mecenáši (výstava)</subfield>
    <subfield code="d">(2020 :</subfield>
    <subfield code="c">Telč, Česko)</subfield>
    <subfield code="7">xx0252343</subfield>
  </datafield>
  <datafield tag="MOR" ind1="1" ind2=" ">
    <subfield code="a">Telč a jezuité. Řád a jeho mecenáši (výstava)</subfield>
    <subfield code="d">(2020 :</subfield>
    <subfield code="c">Telč, Česko)</subfield>
    <subfield code="7">xx0252343</subfield>
  </datafield>
  <datafield tag="368" ind1=" " ind2=" ">
    <subfield code="a">výstavy</subfield>
  </datafield>
  <datafield tag="370" ind1=" " ind2=" ">
    <subfield code="c">Česko</subfield>
    <subfield code="e">Telč, Česko</subfield>
  </datafield>
  <datafield tag="372" ind1=" " ind2=" ">
    <subfield code="a">dějiny</subfield>
    <subfield code="a">církevní dějiny</subfield>
    <subfield code="a">náboženské řády</subfield>
    <subfield code="a">jezuité</subfield>
  </datafield>
  <datafield tag="377" ind1=" " ind2=" ">
    <subfield code="a">cze</subfield>
  </datafield>
  <datafield tag="670" ind1=" " ind2=" ">
    <subfield code="a">Telč a jezuité, Telč, 2020</subfield>
    <subfield code="b">autoritní forma</subfield>
  </datafield>
  <datafield tag="906" ind1=" " ind2=" ">
    <subfield code="a">za20201005</subfield>
    <subfield code="b">xlufr</subfield>
  </datafield>
  <datafield tag="906" ind1=" " ind2=" ">
    <subfield code="a">oz20201005</subfield>
    <subfield code="b">svsv</subfield>
    <subfield code="c">Záhlaví - oprava</subfield>
  </datafield>
</record>