

<record>
  <leader>     nz  a22     n  4500</leader>
  <datafield tag="900" ind1=" " ind2=" ">
    <subfield code="a">J-NÁVRH-STT</subfield>
  </datafield>
  <controlfield tag="001">ntk20201087854</controlfield>
  <controlfield tag="003">CZ PrNK</controlfield>
  <controlfield tag="005">20201005114637.0</controlfield>
  <controlfield tag="008">201005|n|aznnnaabn           n a|a      </controlfield>
  <datafield tag="024" ind1="7" ind2=" ">
    <subfield code="a">0000000081374864</subfield>
    <subfield code="2">isni</subfield>
  </datafield>
  <datafield tag="024" ind1="7" ind2=" ">
    <subfield code="a">Q55673452</subfield>
    <subfield code="2">wikidata</subfield>
  </datafield>
  <datafield tag="040" ind1=" " ind2=" ">
    <subfield code="a">ABA013</subfield>
    <subfield code="b">cze</subfield>
    <subfield code="e">rda</subfield>
  </datafield>
  <datafield tag="046" ind1=" " ind2=" ">
    <subfield code="f">1710</subfield>
    <subfield code="g">1797</subfield>
  </datafield>
  <datafield tag="100" ind1="1" ind2=" ">
    <subfield code="a">Steinmayer, Philipp,</subfield>
    <subfield code="d">1710-1797</subfield>
    <subfield code="7">ntk20201087854</subfield>
  </datafield>
  <datafield tag="368" ind1=" " ind2=" ">
    <subfield code="d">SI</subfield>
    <subfield code="s">1726</subfield>
    <subfield code="t">1773</subfield>
  </datafield>
  <datafield tag="368" ind1=" " ind2=" ">
    <subfield code="d">Professor der Vernunftlehre</subfield>
  </datafield>
  <datafield tag="370" ind1=" " ind2=" ">
    <subfield code="a">Würzburg, Německo</subfield>
    <subfield code="b">Freiburg im Breisgau, Německo</subfield>
    <subfield code="c">Německo</subfield>
    <subfield code="f">Freiburg im Breisgau, Německo</subfield>
    <subfield code="f">Landsberg am Lech, Německo</subfield>
    <subfield code="f">Mnichov, Německo</subfield>
    <subfield code="f">Innsbruck, Rakousko</subfield>
  </datafield>
  <datafield tag="372" ind1=" " ind2=" ">
    <subfield code="a">teologie</subfield>
    <subfield code="a">matematika</subfield>
    <subfield code="a">filozofie</subfield>
  </datafield>
  <datafield tag="373" ind1=" " ind2=" ">
    <subfield code="a">Jezuité</subfield>
    <subfield code="s">1736</subfield>
    <subfield code="t">1773</subfield>
  </datafield>
  <datafield tag="374" ind1=" " ind2=" ">
    <subfield code="a">teologové</subfield>
    <subfield code="a">mniši</subfield>
    <subfield code="a">matematici</subfield>
    <subfield code="a">filozofové</subfield>
  </datafield>
  <datafield tag="375" ind1=" " ind2=" ">
    <subfield code="a">muž</subfield>
  </datafield>
  <datafield tag="377" ind1=" " ind2=" ">
    <subfield code="a">lat</subfield>
    <subfield code="a">ger</subfield>
  </datafield>
  <datafield tag="400" ind1="1" ind2=" ">
    <subfield code="a">Steinmeyer, Philipp,</subfield>
    <subfield code="d">1710-1797</subfield>
    <subfield code="0">o</subfield>
  </datafield>
  <datafield tag="400" ind1="1" ind2=" ">
    <subfield code="a">Steinmayr, Philipp,</subfield>
    <subfield code="d">1710-1797</subfield>
    <subfield code="0">o</subfield>
  </datafield>
  <datafield tag="400" ind1="1" ind2=" ">
    <subfield code="a">Steinmeyer, Philippo,</subfield>
    <subfield code="d">1710-1797</subfield>
    <subfield code="0">o</subfield>
  </datafield>
  <datafield tag="667" ind1=" " ind2=" ">
    <subfield code="a">http://d-nb.info/gnd/100341667.</subfield>
  </datafield>
  <datafield tag="670" ind1=" " ind2=" ">
    <subfield code="a">MATHESIS SUCCINCTA. PARS PRIMA, COMPLECTENS PRIMAS LINEAS METHODI MATHEMATICÆ, ARITHMETICAM, GEOMETRIAM, TRIGONOMETRIAM PLANAM, &amp; ALGEBRAM. CONSCRIPTA A P. PHILIPPO STEINMEYER S. J. Augustæ Vindelic. &amp; Friburgi Brisgojæ, Sumptibus Fratrum IGNATII &amp; ANTONII WAGNER, 1767</subfield>
    <subfield code="b">odkaz viz, afiliace</subfield>
    <subfield code="u">http://mdz-nbn-resolving.de/urn:nbn:de:bvb:12-bsb10594284-0</subfield>
  </datafield>
  <datafield tag="670" ind1=" " ind2=" ">
    <subfield code="a">DNB, cit. 5. 10. 2020</subfield>
    <subfield code="b">autoritní forma, odkazy viz, datum a místo narození a úmrtí</subfield>
    <subfield code="u">http://d-nb.info/gnd/100341667</subfield>
  </datafield>
  <datafield tag="670" ind1=" " ind2=" ">
    <subfield code="a">ADB &amp; NDB cit. 5. 10. 2020</subfield>
    <subfield code="b">biografické a profesní údaje</subfield>
    <subfield code="u">https://www.deutsche-biographie.de/pnd100341667.html</subfield>
  </datafield>
  <datafield tag="678" ind1="0" ind2=" ">
    <subfield code="a">Německý matematik a mnich, člen Tovaryšstva Ježíšova od r. 1726. Na počátku vyučoval na středních školách v Mnichově a Innsbrucku, později převzal učitelské místo filozofie v Landsbergu a poté se stal učitelem matematiky ve Freiburgu im Breisgau. Tamtéž získal v r. 1770 profesuru (měl ji do zrušení řádu v r. 1773). V dalších letech působil jako veřejný řádný učitel přírodních věd na střední škole ve Freiburgu. Publikoval odborné práce z matematiky a filozofie.</subfield>
  </datafield>
  <datafield tag="906" ind1=" " ind2=" ">
    <subfield code="a">za20201005</subfield>
    <subfield code="b">evbr</subfield>
  </datafield>
  <datafield tag="906" ind1=" " ind2=" ">
    <subfield code="a">ko20201005</subfield>
    <subfield code="b">evbr</subfield>
  </datafield>
</record>