

<record>
  <leader>     nz  a22     n  4500</leader>
  <controlfield tag="001">jo20201087856</controlfield>
  <controlfield tag="003">CZ PrNK</controlfield>
  <controlfield tag="005">20201005115029.0</controlfield>
  <controlfield tag="008">201005|n|aznnnaabn           n a|a      </controlfield>
  <datafield tag="024" ind1="7" ind2=" ">
    <subfield code="a">000000044356173X</subfield>
    <subfield code="2">isni</subfield>
  </datafield>
  <datafield tag="040" ind1=" " ind2=" ">
    <subfield code="a">ABA001</subfield>
    <subfield code="b">cze</subfield>
    <subfield code="e">rda</subfield>
  </datafield>
  <datafield tag="046" ind1=" " ind2=" ">
    <subfield code="f">1974</subfield>
  </datafield>
  <datafield tag="100" ind1="1" ind2=" ">
    <subfield code="a">DeMare, Brian James,</subfield>
    <subfield code="d">1974-</subfield>
    <subfield code="7">jo20201087856</subfield>
  </datafield>
  <datafield tag="368" ind1=" " ind2=" ">
    <subfield code="d">Ph.D., University of California, Los Angeles</subfield>
    <subfield code="s">2007</subfield>
  </datafield>
  <datafield tag="370" ind1=" " ind2=" ">
    <subfield code="c">Spojené státy americké</subfield>
  </datafield>
  <datafield tag="372" ind1=" " ind2=" ">
    <subfield code="a">dějiny</subfield>
    <subfield code="a">kulturní dějiny</subfield>
    <subfield code="a">sinologie</subfield>
  </datafield>
  <datafield tag="373" ind1=" " ind2=" ">
    <subfield code="a">Tulane University</subfield>
  </datafield>
  <datafield tag="374" ind1=" " ind2=" ">
    <subfield code="a">historici</subfield>
    <subfield code="a">vysokoškolští učitelé</subfield>
  </datafield>
  <datafield tag="375" ind1=" " ind2=" ">
    <subfield code="a">muž</subfield>
  </datafield>
  <datafield tag="377" ind1=" " ind2=" ">
    <subfield code="a">eng</subfield>
  </datafield>
  <datafield tag="400" ind1="1" ind2=" ">
    <subfield code="a">DeMare, Brian,</subfield>
    <subfield code="d">1974-</subfield>
    <subfield code="0">o</subfield>
  </datafield>
  <datafield tag="400" ind1="1" ind2=" ">
    <subfield code="a">De Mare, Brian James,</subfield>
    <subfield code="d">1974-</subfield>
    <subfield code="0">o</subfield>
  </datafield>
  <datafield tag="670" ind1=" " ind2=" ">
    <subfield code="a">DeMare, Brian: Land wars :the story of China's agrarian revolution, 2019</subfield>
    <subfield code="b">odkaz viz</subfield>
  </datafield>
  <datafield tag="670" ind1=" " ind2=" ">
    <subfield code="a">www(Department of History - School of Liberal Arts - Tulane University), cit. 5. 10. 2020</subfield>
    <subfield code="b">biografické údaje</subfield>
  </datafield>
  <datafield tag="670" ind1=" " ind2=" ">
    <subfield code="a">LC (Names), cit. 5. 10. 2020</subfield>
    <subfield code="b">autoritní forma, datum narození, odkaz viz</subfield>
  </datafield>
  <datafield tag="678" ind1="0" ind2=" ">
    <subfield code="a">Americký historik a vysokoškolský pedagog zaměřený na moderní dějiny a kulturní dějiny východní Asie, zejména Číny.</subfield>
  </datafield>
  <datafield tag="906" ind1=" " ind2=" ">
    <subfield code="a">br20201005</subfield>
    <subfield code="b">tone</subfield>
  </datafield>
</record>