

<record>
  <leader>     nz  a22     n  4500</leader>
  <datafield tag="900" ind1=" " ind2=" ">
    <subfield code="a">*J-NÁVRH</subfield>
  </datafield>
  <controlfield tag="001">hka20201087857</controlfield>
  <controlfield tag="003">CZ PrNK</controlfield>
  <controlfield tag="005">20201005115741.0</controlfield>
  <controlfield tag="008">201005|n|aznnnaabn           n a|a      </controlfield>
  <datafield tag="040" ind1=" " ind2=" ">
    <subfield code="a">HKA001</subfield>
    <subfield code="b">cze</subfield>
    <subfield code="e">rda</subfield>
  </datafield>
  <datafield tag="046" ind1=" " ind2=" ">
    <subfield code="f">1884</subfield>
  </datafield>
  <datafield tag="100" ind1="1" ind2=" ">
    <subfield code="a">Paša, Josef,</subfield>
    <subfield code="d">1884-</subfield>
    <subfield code="7">hka20201087857</subfield>
  </datafield>
  <datafield tag="370" ind1=" " ind2=" ">
    <subfield code="a">Bukovany, Benešov, Česko</subfield>
    <subfield code="c">Česko</subfield>
  </datafield>
  <datafield tag="372" ind1=" " ind2=" ">
    <subfield code="a">figurální plastiky</subfield>
    <subfield code="a">dřevořezba</subfield>
    <subfield code="a">reliéfy (sochařství)</subfield>
  </datafield>
  <datafield tag="374" ind1=" " ind2=" ">
    <subfield code="a">sochaři</subfield>
    <subfield code="a">řezbáři</subfield>
    <subfield code="a">středoškolští učitelé</subfield>
  </datafield>
  <datafield tag="375" ind1=" " ind2=" ">
    <subfield code="a">muž</subfield>
  </datafield>
  <datafield tag="377" ind1=" " ind2=" ">
    <subfield code="a">cze</subfield>
  </datafield>
  <datafield tag="400" ind1="1" ind2=" ">
    <subfield code="a">Paša, J.,</subfield>
    <subfield code="d">1884-</subfield>
    <subfield code="0">o</subfield>
  </datafield>
  <datafield tag="670" ind1=" " ind2=" ">
    <subfield code="a">Katalog souborné výstavy 62 obrazů akad. malíře St. Feikla a 12 plastik akad. sochaře J. Paši z Prahy : výstavní sál Musea v Hradci Králové : 18. leden - 8. únor 1925, 1925</subfield>
    <subfield code="b">odkaz viz, biografické údaje</subfield>
  </datafield>
  <datafield tag="670" ind1=" " ind2=" ">
    <subfield code="a">Slovník českých a slovenských výtvarných umělců 1950-2002. X. díl., 2002</subfield>
    <subfield code="b">autoritní forma, datum a místo narození, biografické údaje</subfield>
  </datafield>
  <datafield tag="678" ind1="0" ind2=" ">
    <subfield code="a">Narozen 1. 2. 1884 v Bukovanech u Benešova. Akademický sochař, řezbář, středoškolský učitel. Zabýval se figurální plastikou, vytvořil monumentální plastiky, dřevořezby, reliefní práce.</subfield>
  </datafield>
  <datafield tag="906" ind1=" " ind2=" ">
    <subfield code="a">za20201005</subfield>
    <subfield code="b">hrncirova</subfield>
  </datafield>
</record>