

<record>
  <leader>     nz  a22     n  4500</leader>
  <controlfield tag="001">aun20201087865</controlfield>
  <controlfield tag="003">CZ PrNK</controlfield>
  <controlfield tag="005">20201005123451.0</controlfield>
  <controlfield tag="008">201005|n|aznnnaabn           n a|a      </controlfield>
  <datafield tag="040" ind1=" " ind2=" ">
    <subfield code="a">ABA001</subfield>
    <subfield code="b">cze</subfield>
    <subfield code="e">rda</subfield>
  </datafield>
  <datafield tag="100" ind1="1" ind2=" ">
    <subfield code="a">Rameau, Jean Philippe,</subfield>
    <subfield code="d">1683-1764.</subfield>
    <subfield code="t">Temple de la gloire</subfield>
    <subfield code="7">aun20201087865</subfield>
  </datafield>
  <datafield tag="380" ind1=" " ind2=" ">
    <subfield code="a">opery</subfield>
    <subfield code="a">balety</subfield>
  </datafield>
  <datafield tag="400" ind1="1" ind2=" ">
    <subfield code="a">Rameau, Jean Philippe,</subfield>
    <subfield code="d">1683-1764.</subfield>
    <subfield code="t">Ruhmestempel</subfield>
    <subfield code="0">o</subfield>
  </datafield>
  <datafield tag="400" ind1="1" ind2=" ">
    <subfield code="a">Rameau, Jean Philippe,</subfield>
    <subfield code="d">1683-1764.</subfield>
    <subfield code="t">Temple de la glorie</subfield>
    <subfield code="0">o</subfield>
  </datafield>
  <datafield tag="400" ind1="1" ind2=" ">
    <subfield code="a">Rameau, Jean Philippe,</subfield>
    <subfield code="d">1683-1764.</subfield>
    <subfield code="t">Temple of glory</subfield>
    <subfield code="0">o</subfield>
  </datafield>
  <datafield tag="670" ind1=" " ind2=" ">
    <subfield code="a">Rameau, J.Ph. Le temple de la gloire. Tauxigny, 2020.</subfield>
  </datafield>
  <datafield tag="670" ind1=" " ind2=" ">
    <subfield code="a">LC (Names), cit. 05. 10. 2020</subfield>
  </datafield>
  <datafield tag="906" ind1=" " ind2=" ">
    <subfield code="a">br20201005</subfield>
    <subfield code="b">habo</subfield>
  </datafield>
</record>