

<record>
  <leader>     nz  a22     n  4500</leader>
  <controlfield tag="001">jo20201087873</controlfield>
  <controlfield tag="003">CZ PrNK</controlfield>
  <controlfield tag="005">20201008091235.0</controlfield>
  <controlfield tag="008">201005|n|aznnnaabn           n a|a      </controlfield>
  <datafield tag="040" ind1=" " ind2=" ">
    <subfield code="a">ABA001</subfield>
    <subfield code="b">cze</subfield>
    <subfield code="d">ABA001</subfield>
    <subfield code="e">rda</subfield>
  </datafield>
  <datafield tag="046" ind1=" " ind2=" ">
    <subfield code="s">1760</subfield>
  </datafield>
  <datafield tag="100" ind1="1" ind2=" ">
    <subfield code="a">Pišček, Serafín,</subfield>
    <subfield code="d">činný 1760</subfield>
    <subfield code="7">jo20201087873</subfield>
  </datafield>
  <datafield tag="368" ind1=" " ind2=" ">
    <subfield code="d">OFM</subfield>
  </datafield>
  <datafield tag="370" ind1=" " ind2=" ">
    <subfield code="c">Slovensko</subfield>
    <subfield code="f">Trnava, Slovensko</subfield>
  </datafield>
  <datafield tag="372" ind1=" " ind2=" ">
    <subfield code="a">homiletika</subfield>
  </datafield>
  <datafield tag="373" ind1=" " ind2=" ">
    <subfield code="a">Františkáni</subfield>
  </datafield>
  <datafield tag="374" ind1=" " ind2=" ">
    <subfield code="a">kněží</subfield>
    <subfield code="a">kazatelé</subfield>
    <subfield code="a">řeholníci</subfield>
  </datafield>
  <datafield tag="375" ind1=" " ind2=" ">
    <subfield code="a">muž</subfield>
  </datafield>
  <datafield tag="377" ind1=" " ind2=" ">
    <subfield code="a">slo</subfield>
    <subfield code="a">lat</subfield>
  </datafield>
  <datafield tag="400" ind1="1" ind2=" ">
    <subfield code="a">Píšček, Serafín,</subfield>
    <subfield code="d">činný 1760</subfield>
    <subfield code="0">o</subfield>
  </datafield>
  <datafield tag="400" ind1="1" ind2=" ">
    <subfield code="a">Píssček, Serafín,</subfield>
    <subfield code="d">činný 1760</subfield>
    <subfield code="0">o</subfield>
  </datafield>
  <datafield tag="400" ind1="1" ind2=" ">
    <subfield code="a">Pisscek, Serafín,</subfield>
    <subfield code="d">činný 1760</subfield>
    <subfield code="0">o</subfield>
  </datafield>
  <datafield tag="400" ind1="1" ind2=" ">
    <subfield code="a">Pissček, Seraffjn,</subfield>
    <subfield code="d">činný 1760</subfield>
    <subfield code="0">o</subfield>
  </datafield>
  <datafield tag="670" ind1=" " ind2=" ">
    <subfield code="a">Žalost vpokogená Pri Prenessenj mrtwého Těla z Městečka Sobotjska do Sokolowec ku Pohrbenj ... Groffky Francyssky Nyáry, ... Groffa Nyáry Jozeffa, de Bedegh ... Manželky, Skrzewa Reč Wydanu od ... Pátera Seraffjna Pissček Ord. S. Francisci, Provinciae S. S. Salvatoris Kazatela Léta Páně 1760. Dne 4. Merca. Wytisstěná w Trnawě, w Impressy Akademické, téhož Roku. [1760]</subfield>
    <subfield code="b">odkaz viz, biografické údaje</subfield>
  </datafield>
  <datafield tag="670" ind1=" " ind2=" ">
    <subfield code="a">Klimeková, Agáta - Augustínová, Eva - Ondroušková, Janka. Bibliografia územne slovacikálnych tlačí 18. storočia. Zväzok IV., 2008</subfield>
  </datafield>
  <datafield tag="670" ind1=" " ind2=" ">
    <subfield code="a">Zelliger, Aloysius: Pantheon Tyrnaviense : Bibliographicam continens recensionem operum typis Tyrnaviensibus aa. 1578-1930 editorum, iconibus nonnullis illustratum, 1931</subfield>
    <subfield code="b">odkaz viz</subfield>
  </datafield>
  <datafield tag="670" ind1=" " ind2=" ">
    <subfield code="a">Rizner, Ľudovít Vladimír: Bibliografia písomníctva slovenského na spôsob slovníka od najstarších čias do konca r. 1900. Diel štvrtý, P-R, 1932</subfield>
    <subfield code="b">biografické údaje</subfield>
  </datafield>
  <datafield tag="670" ind1=" " ind2=" ">
    <subfield code="a">Pumprla, Václav: Knihopisný slovník českých, slovenských a cizích autorů 16.-18. století, 2010</subfield>
    <subfield code="b">odkazy viz, biografické údaje, datum činnosti</subfield>
  </datafield>
  <datafield tag="670" ind1=" " ind2=" ">
    <subfield code="a">SKK SR, cit. 8. 10. 2020</subfield>
    <subfield code="b">autoritní forma</subfield>
  </datafield>
  <datafield tag="675" ind1=" " ind2=" ">
    <subfield code="a">SNK, cit. 5.10. 2020</subfield>
  </datafield>
  <datafield tag="678" ind1="0" ind2=" ">
    <subfield code="a">Slovenský katolický kněz, kazatel a člen řádu františkánů. Autor homiletického spisu z r. 1760.</subfield>
  </datafield>
  <datafield tag="906" ind1=" " ind2=" ">
    <subfield code="a">za20201005</subfield>
    <subfield code="b">dama</subfield>
  </datafield>
  <datafield tag="906" ind1=" " ind2=" ">
    <subfield code="a">vr20201008</subfield>
    <subfield code="b">lisi</subfield>
    <subfield code="c">Zdroj - další výskyt</subfield>
  </datafield>
</record>