

<record>
  <leader>     cz  a22     n  4500</leader>
  <controlfield tag="001">xx0252354</controlfield>
  <controlfield tag="003">CZ PrNK</controlfield>
  <controlfield tag="005">20201005161043.0</controlfield>
  <controlfield tag="008">201005|n|aznnnaabn           n a|a      </controlfield>
  <datafield tag="040" ind1=" " ind2=" ">
    <subfield code="a">CBA001</subfield>
    <subfield code="b">cze</subfield>
    <subfield code="d">ABA001</subfield>
    <subfield code="e">rda</subfield>
  </datafield>
  <datafield tag="110" ind1="2" ind2=" ">
    <subfield code="a">Adicts (hudební skupina)</subfield>
    <subfield code="7">xx0252354</subfield>
  </datafield>
  <datafield tag="368" ind1=" " ind2=" ">
    <subfield code="a">hudební skupiny</subfield>
    <subfield code="s">1976</subfield>
  </datafield>
  <datafield tag="370" ind1=" " ind2=" ">
    <subfield code="c">Velká Británie</subfield>
    <subfield code="c">Ipswich, Anglie</subfield>
  </datafield>
  <datafield tag="372" ind1=" " ind2=" ">
    <subfield code="a">hudba</subfield>
    <subfield code="a">punk (hudba)</subfield>
  </datafield>
  <datafield tag="377" ind1=" " ind2=" ">
    <subfield code="a">eng</subfield>
  </datafield>
  <datafield tag="670" ind1=" " ind2=" ">
    <subfield code="a">The Adicts : revue, show a muzika / text: Milan Slezák ; foto: Jan Šída In: Rock&amp;Pop, Roč. 29, č. 11 (2018), s. 53</subfield>
  </datafield>
  <datafield tag="670" ind1=" " ind2=" ">
    <subfield code="a">LC (Names), cit. 5. 10. 2020</subfield>
    <subfield code="b">autoritní podoba</subfield>
  </datafield>
  <datafield tag="670" ind1=" " ind2=" ">
    <subfield code="a">www(Adicts), cit. 5. 10. 2020</subfield>
    <subfield code="b">faktogragické údaje</subfield>
    <subfield code="u">https://theadicts.net/</subfield>
  </datafield>
  <datafield tag="670" ind1=" " ind2=" ">
    <subfield code="a">www(Wikipedie, otevřená encyklopedie), cit. 5. 10. 2020</subfield>
    <subfield code="b">faktogragické údaje (související místo)</subfield>
    <subfield code="u">https://cs.wikipedia.org/wiki/The_Adicts</subfield>
  </datafield>
  <datafield tag="678" ind1=" " ind2=" ">
    <subfield code="a">Anglická punkrocková hudební skupina. Založená 1976.</subfield>
  </datafield>
  <datafield tag="906" ind1=" " ind2=" ">
    <subfield code="a">za20201005</subfield>
    <subfield code="b">xmakru</subfield>
  </datafield>
  <datafield tag="906" ind1=" " ind2=" ">
    <subfield code="a">op20201005</subfield>
    <subfield code="b">svsv</subfield>
    <subfield code="c">Související místo - doplnění; URL - další výskyt; Zdroj - další výskyt</subfield>
  </datafield>
</record>