

<record>
  <leader>     cz  a22     n  4500</leader>
  <controlfield tag="001">xx0252357</controlfield>
  <controlfield tag="003">CZ PrNK</controlfield>
  <controlfield tag="005">20201005160705.0</controlfield>
  <controlfield tag="008">201005|n|aznnnaabn           n a|a      </controlfield>
  <datafield tag="040" ind1=" " ind2=" ">
    <subfield code="a">CBA001</subfield>
    <subfield code="b">cze</subfield>
    <subfield code="d">ABA001</subfield>
    <subfield code="e">rda</subfield>
  </datafield>
  <datafield tag="110" ind1="2" ind2=" ">
    <subfield code="a">Armored Saint (hudební skupina)</subfield>
    <subfield code="7">xx0252357</subfield>
  </datafield>
  <datafield tag="368" ind1=" " ind2=" ">
    <subfield code="a">hudební skupiny</subfield>
  </datafield>
  <datafield tag="370" ind1=" " ind2=" ">
    <subfield code="c">Spojené státy americké</subfield>
    <subfield code="e">Los Angeles, Kalifornie</subfield>
  </datafield>
  <datafield tag="372" ind1=" " ind2=" ">
    <subfield code="a">hudba</subfield>
    <subfield code="a">heavy metal</subfield>
  </datafield>
  <datafield tag="377" ind1=" " ind2=" ">
    <subfield code="a">eng</subfield>
  </datafield>
  <datafield tag="670" ind1=" " ind2=" ">
    <subfield code="a">Armored Saint : obrnění svatí poprvé v Praze / text: Jan Martinek ; foto: Lou Montesano, archiv kapely In: Rock&amp;Pop, Roč. 29, č. 12 (2018), s. 24</subfield>
  </datafield>
  <datafield tag="670" ind1=" " ind2=" ">
    <subfield code="a">LC (Names), cit. 29. 9. 2020</subfield>
    <subfield code="b">autoritní podoba, faktografické údaje</subfield>
  </datafield>
  <datafield tag="670" ind1=" " ind2=" ">
    <subfield code="a">www(Wikipedia, The Free Encyclopedia), cit. 29. 9. 2020</subfield>
    <subfield code="b">faktografické údaje</subfield>
    <subfield code="u">https://en.wikipedia.org/wiki/Armored_Saint</subfield>
  </datafield>
  <datafield tag="678" ind1=" " ind2=" ">
    <subfield code="a">Americká heavy metalová hudební skupina založená 1982.</subfield>
  </datafield>
  <datafield tag="906" ind1=" " ind2=" ">
    <subfield code="a">za20201005</subfield>
    <subfield code="b">xmakru</subfield>
  </datafield>
  <datafield tag="906" ind1=" " ind2=" ">
    <subfield code="a">op20201005</subfield>
    <subfield code="b">svsv</subfield>
    <subfield code="c">Související místo - doplnění</subfield>
  </datafield>
</record>