

<record>
  <leader>     cz  a22     n  4500</leader>
  <controlfield tag="001">xx0252361</controlfield>
  <controlfield tag="003">CZ PrNK</controlfield>
  <controlfield tag="005">20201007080519.0</controlfield>
  <controlfield tag="008">201005|n|aznnnaabn           n a|a      </controlfield>
  <datafield tag="040" ind1=" " ind2=" ">
    <subfield code="a">CBA001</subfield>
    <subfield code="b">cze</subfield>
    <subfield code="d">ABA001</subfield>
    <subfield code="e">rda</subfield>
  </datafield>
  <datafield tag="046" ind1=" " ind2=" ">
    <subfield code="f">1983</subfield>
  </datafield>
  <datafield tag="100" ind1="1" ind2=" ">
    <subfield code="a">Hale, Lzzy,</subfield>
    <subfield code="d">1983-</subfield>
    <subfield code="7">xx0252361</subfield>
  </datafield>
  <datafield tag="370" ind1=" " ind2=" ">
    <subfield code="c">Spojené státy americké</subfield>
  </datafield>
  <datafield tag="372" ind1=" " ind2=" ">
    <subfield code="a">hudba</subfield>
    <subfield code="a">zpěv</subfield>
  </datafield>
  <datafield tag="374" ind1=" " ind2=" ">
    <subfield code="a">zpěvačky</subfield>
    <subfield code="a">hudební skladatelky</subfield>
  </datafield>
  <datafield tag="375" ind1=" " ind2=" ">
    <subfield code="a">žena</subfield>
  </datafield>
  <datafield tag="377" ind1=" " ind2=" ">
    <subfield code="a">eng</subfield>
  </datafield>
  <datafield tag="400" ind1="1" ind2=" ">
    <subfield code="a">Hale, Elizabeth Mae,</subfield>
    <subfield code="d">1983-</subfield>
    <subfield code="0">o</subfield>
  </datafield>
  <datafield tag="670" ind1=" " ind2=" ">
    <subfield code="a">Halestorm : hlavní je nepodvádět / Joe Hottinger, Lzzy Hale, Nikolas Krofta ; foto: Jimmy Fontaine, archiv In: Rock&amp;Pop, roč. 29, č. 11 (2018), s. 36-37</subfield>
    <subfield code="b">autoritní forma</subfield>
  </datafield>
  <datafield tag="670" ind1=" " ind2=" ">
    <subfield code="a">www(Wikipedia, The Free Encyclopedia), cit. 29. 9. 2020</subfield>
    <subfield code="b">biografické údaje, odkaz viz, rok narození, národnost</subfield>
    <subfield code="u">https://en.wikipedia.org/wiki/Lzzy_Hale</subfield>
  </datafield>
  <datafield tag="675" ind1=" " ind2=" ">
    <subfield code="a">LC (Names), cit. 29. 9. 2020</subfield>
  </datafield>
  <datafield tag="678" ind1="0" ind2=" ">
    <subfield code="a">Americká zpěvačka, hudební skladatelka, členka americké hudební skupiny Halestorm.</subfield>
  </datafield>
  <datafield tag="906" ind1=" " ind2=" ">
    <subfield code="a">za20201005</subfield>
    <subfield code="b">xmakru</subfield>
  </datafield>
  <datafield tag="906" ind1=" " ind2=" ">
    <subfield code="a">op20201007</subfield>
    <subfield code="b">lisi</subfield>
    <subfield code="c">Pole 374 - formální opravy</subfield>
  </datafield>
</record>