

<record>
  <leader>     cz  a22     n  4500</leader>
  <controlfield tag="001">xx0252362</controlfield>
  <controlfield tag="003">CZ PrNK</controlfield>
  <controlfield tag="005">20201005161157.0</controlfield>
  <controlfield tag="008">201005|n|aznnnaabn           n a|a      </controlfield>
  <datafield tag="040" ind1=" " ind2=" ">
    <subfield code="a">CBA001</subfield>
    <subfield code="b">cze</subfield>
    <subfield code="d">ABA001</subfield>
    <subfield code="e">rda</subfield>
  </datafield>
  <datafield tag="110" ind1="2" ind2=" ">
    <subfield code="a">Hands Like Houses (hudební skupina)</subfield>
    <subfield code="7">xx0252362</subfield>
  </datafield>
  <datafield tag="368" ind1=" " ind2=" ">
    <subfield code="a">hudební skupiny</subfield>
  </datafield>
  <datafield tag="370" ind1=" " ind2=" ">
    <subfield code="c">Austrálie</subfield>
    <subfield code="e">Canberra, Australian Capital Territory</subfield>
  </datafield>
  <datafield tag="372" ind1=" " ind2=" ">
    <subfield code="a">hudba</subfield>
    <subfield code="a">rock</subfield>
  </datafield>
  <datafield tag="377" ind1=" " ind2=" ">
    <subfield code="a">eng</subfield>
  </datafield>
  <datafield tag="670" ind1=" " ind2=" ">
    <subfield code="a">Hands Like Houses : toxické vztahy se vytvářejí i mezi fanoušky a kapelou / Alex paerson, Šárka Blahoňovská ; foto: archiv kapely In: Rock&amp;Pop, Roč. 30, č. 7 (2019), s. 40</subfield>
  </datafield>
  <datafield tag="670" ind1=" " ind2=" ">
    <subfield code="a">www(Wikipedia, The Free Encyclopedia), cit. 5. 10. 2020</subfield>
    <subfield code="b">faktografické údaje</subfield>
    <subfield code="u">https://en.wikipedia.org/wiki/Hands_Like_Houses</subfield>
  </datafield>
  <datafield tag="670" ind1=" " ind2=" ">
    <subfield code="a">LC (Names), cit. 2. 10. 2020</subfield>
    <subfield code="b">autoritní podoba, faktografické údaje</subfield>
  </datafield>
  <datafield tag="678" ind1=" " ind2=" ">
    <subfield code="a">Australská rocková hudební skupina založená 2008.</subfield>
  </datafield>
  <datafield tag="906" ind1=" " ind2=" ">
    <subfield code="a">za20201005</subfield>
    <subfield code="b">xmakru</subfield>
  </datafield>
  <datafield tag="906" ind1=" " ind2=" ">
    <subfield code="a">op20201005</subfield>
    <subfield code="b">svsv</subfield>
    <subfield code="c">Související místo - doplnění</subfield>
  </datafield>
</record>