

<record>
  <leader>     nz  a22     n  4500</leader>
  <controlfield tag="001">xx0252368</controlfield>
  <controlfield tag="003">CZ PrNK</controlfield>
  <controlfield tag="005">20201007082045.0</controlfield>
  <controlfield tag="008">201005|n|aznnnaabn           n a|a      </controlfield>
  <datafield tag="040" ind1=" " ind2=" ">
    <subfield code="a">CBA001</subfield>
    <subfield code="b">cze</subfield>
    <subfield code="d">ABA001</subfield>
    <subfield code="e">rda</subfield>
  </datafield>
  <datafield tag="100" ind1="1" ind2=" ">
    <subfield code="a">Roberts, Ebet</subfield>
    <subfield code="7">xx0252368</subfield>
  </datafield>
  <datafield tag="370" ind1=" " ind2=" ">
    <subfield code="c">Spojené státy americké</subfield>
  </datafield>
  <datafield tag="372" ind1=" " ind2=" ">
    <subfield code="a">fotografování</subfield>
  </datafield>
  <datafield tag="374" ind1=" " ind2=" ">
    <subfield code="a">fotografky</subfield>
  </datafield>
  <datafield tag="375" ind1=" " ind2=" ">
    <subfield code="a">žena</subfield>
  </datafield>
  <datafield tag="377" ind1=" " ind2=" ">
    <subfield code="a">eng</subfield>
  </datafield>
  <datafield tag="670" ind1=" " ind2=" ">
    <subfield code="a">Soundgarden : Black Hole Sun : podivná tryzna, která nic neznamená / text Jan Martinek ; foto Ebet Roberts In: Rock &amp; pop. - Roč. 30, č. 6 (2019), s. 11</subfield>
  </datafield>
  <datafield tag="670" ind1=" " ind2=" ">
    <subfield code="a">www(osobní stránky), cit. 29. 9. 2020</subfield>
    <subfield code="b">biografické údaje</subfield>
    <subfield code="u">http://www.ebetroberts.com/</subfield>
  </datafield>
  <datafield tag="670" ind1=" " ind2=" ">
    <subfield code="a">LC (Names), cit. 29. 9. 2020</subfield>
    <subfield code="b">autoritní podoba, biografické údaje, pole 375, 377</subfield>
  </datafield>
  <datafield tag="678" ind1="0" ind2=" ">
    <subfield code="a">Americká fotografka.</subfield>
  </datafield>
  <datafield tag="906" ind1=" " ind2=" ">
    <subfield code="a">za20201005</subfield>
    <subfield code="b">xmakru</subfield>
  </datafield>
  <datafield tag="906" ind1=" " ind2=" ">
    <subfield code="a">vr20201007</subfield>
    <subfield code="b">lisi</subfield>
  </datafield>
</record>