

<record>
  <leader>     cz  a22     n  4500</leader>
  <controlfield tag="001">ko20201087915</controlfield>
  <controlfield tag="003">CZ PrNK</controlfield>
  <controlfield tag="005">20201009115124.0</controlfield>
  <controlfield tag="008">201005|n|aznnnaabn           n a|a      </controlfield>
  <datafield tag="040" ind1=" " ind2=" ">
    <subfield code="a">ABA001</subfield>
    <subfield code="b">cze</subfield>
    <subfield code="d">ABA001</subfield>
    <subfield code="e">rda</subfield>
  </datafield>
  <datafield tag="110" ind1="2" ind2=" ">
    <subfield code="a">Thomas-Morus-Akademie Bensberg</subfield>
    <subfield code="7">ko20201087915</subfield>
  </datafield>
  <datafield tag="368" ind1=" " ind2=" ">
    <subfield code="a">katolické školy</subfield>
  </datafield>
  <datafield tag="370" ind1=" " ind2=" ">
    <subfield code="c">Německo</subfield>
    <subfield code="e">Kolín nad Rýnem, Německo</subfield>
  </datafield>
  <datafield tag="372" ind1=" " ind2=" ">
    <subfield code="a">vzdělávání dospělých</subfield>
    <subfield code="a">katolicismus</subfield>
  </datafield>
  <datafield tag="377" ind1=" " ind2=" ">
    <subfield code="a">ger</subfield>
  </datafield>
  <datafield tag="410" ind1="2" ind2=" ">
    <subfield code="a">Thomas-Morus-Akademie</subfield>
    <subfield code="0">o</subfield>
  </datafield>
  <datafield tag="410" ind1="2" ind2=" ">
    <subfield code="a">Morus-Akademie Bensberg</subfield>
    <subfield code="0">o</subfield>
  </datafield>
  <datafield tag="670" ind1=" " ind2=" ">
    <subfield code="a">Padberg, Martina - Schmidt, Martin (Hg.): Die Magie der Geschichte : Geschichtskultur und Museum</subfield>
  </datafield>
  <datafield tag="670" ind1=" " ind2=" ">
    <subfield code="a">LC (Names), cit. 7. 10. 2020</subfield>
    <subfield code="b">autoritní forma, odkazy viz</subfield>
  </datafield>
  <datafield tag="670" ind1=" " ind2=" ">
    <subfield code="a">www(Wikipedia, die freie Enzyklopädie), cit. 7. 10. 2020</subfield>
    <subfield code="b">biografická poznámka</subfield>
    <subfield code="u">https://de.wikipedia.org/wiki/Thomas-Morus-Akademie_Bensberg</subfield>
  </datafield>
  <datafield tag="678" ind1=" " ind2=" ">
    <subfield code="a">Instituce pro katolické vzdělávání dospělých v arcidiecézi v Kolíně nad Rýnem.</subfield>
  </datafield>
  <datafield tag="906" ind1=" " ind2=" ">
    <subfield code="a">za20201005</subfield>
    <subfield code="b">peja</subfield>
  </datafield>
  <datafield tag="906" ind1=" " ind2=" ">
    <subfield code="a">op20201007</subfield>
    <subfield code="b">pepe</subfield>
    <subfield code="c">Viz - nově; Typ korporace - nově; Místo působení - nově; Oblast působení - nově; Jazyk - nově; Poznámka - nově; Zdroj - další výskyt</subfield>
  </datafield>
  <datafield tag="906" ind1=" " ind2=" ">
    <subfield code="a">op20201009</subfield>
    <subfield code="b">svsv</subfield>
    <subfield code="c">Související místo - doplnění; Zdroj - formální oprava</subfield>
  </datafield>
</record>