

<record>
  <leader>     nz  a22     n  4500</leader>
  <datafield tag="900" ind1=" " ind2=" ">
    <subfield code="a">K-NÁVRH</subfield>
  </datafield>
  <controlfield tag="001">ko20201087938</controlfield>
  <controlfield tag="003">CZ PrNK</controlfield>
  <controlfield tag="005">20201005150258.0</controlfield>
  <controlfield tag="008">201005|n|aznnnaabn           n a|a      </controlfield>
  <datafield tag="040" ind1=" " ind2=" ">
    <subfield code="a">ABA001</subfield>
    <subfield code="b">cze</subfield>
    <subfield code="e">rda</subfield>
  </datafield>
  <datafield tag="110" ind1="2" ind2=" ">
    <subfield code="a">Institut narodov Severa (Rossijskij gosudarstvennyj pedagogičeskij universitet imeni A.I. Gercena)</subfield>
    <subfield code="7">ko20201087938</subfield>
  </datafield>
  <datafield tag="368" ind1=" " ind2=" ">
    <subfield code="a">ústavy vysokých škol</subfield>
    <subfield code="a">instituce a organizace</subfield>
    <subfield code="a">vědecké instituce a organizace</subfield>
    <subfield code="a">výzkumné ústavy</subfield>
  </datafield>
  <datafield tag="370" ind1=" " ind2=" ">
    <subfield code="c">Rusko</subfield>
    <subfield code="e">Petrohrad, Rusko</subfield>
  </datafield>
  <datafield tag="372" ind1=" " ind2=" ">
    <subfield code="a">etnografie</subfield>
    <subfield code="a">etnické skupiny</subfield>
    <subfield code="a">vědecký výzkum</subfield>
    <subfield code="a">vysokoškolské studium</subfield>
  </datafield>
  <datafield tag="377" ind1=" " ind2=" ">
    <subfield code="a">rus</subfield>
  </datafield>
  <datafield tag="410" ind1="2" ind2=" ">
    <subfield code="a">Rossijskij gosudarstvennyj pedagogičeskij universitet imeni A.I. Gercena.</subfield>
    <subfield code="b">Institut narodov Severa</subfield>
    <subfield code="0">o</subfield>
  </datafield>
  <datafield tag="410" ind1="2" ind2=" ">
    <subfield code="a">Institut narodov Severa RGPU im. A.I. Gercena</subfield>
    <subfield code="0">o</subfield>
  </datafield>
  <datafield tag="410" ind1="2" ind2=" ">
    <subfield code="a">Institut narodov Severa Rossijskogo gosudarstvennogo pedagogičeskogo universiteta imeni A.I. Gercena</subfield>
    <subfield code="0">o</subfield>
  </datafield>
  <datafield tag="410" ind1="2" ind2=" ">
    <subfield code="a">Institute of the Peoples of the North</subfield>
    <subfield code="2">czeeng</subfield>
    <subfield code="0">o</subfield>
  </datafield>
  <datafield tag="670" ind1=" " ind2=" ">
    <subfield code="a">Ju. A. Sem: Istoričeskaja ètnografija nanajcev : rodovaja organizacija i jeje transformacija : (po materialam XIX - načala XX v.)</subfield>
    <subfield code="b">autoritní forma; odkaz viz</subfield>
  </datafield>
  <datafield tag="670" ind1=" " ind2=" ">
    <subfield code="a">LC (Names), cit. 5.10.2020</subfield>
    <subfield code="b">autoritní forma; odkazy viz</subfield>
  </datafield>
  <datafield tag="670" ind1=" " ind2=" ">
    <subfield code="a">www(Rossijskij gosudarstvennyj pedagogičeskij universitet im. A.I. Gercena), cit. 5.10.2020</subfield>
    <subfield code="b">autoritní forma; odkazy viz</subfield>
  </datafield>
  <datafield tag="670" ind1=" " ind2=" ">
    <subfield code="a">www(Wikipedia, the free encyclopedia - Institute of the Peoples of the North), cit. 5.10.2020</subfield>
    <subfield code="b">anglický odkaz viz</subfield>
    <subfield code="u">https://en.wikipedia.org/wiki/Institute_of_the_Peoples_of_the_North</subfield>
  </datafield>
  <datafield tag="906" ind1=" " ind2=" ">
    <subfield code="a">za20201005</subfield>
    <subfield code="b">klou</subfield>
  </datafield>
</record>