

<record>
  <leader>     nz  a22     n  4500</leader>
  <datafield tag="900" ind1=" " ind2=" ">
    <subfield code="a">J-NÁVRH-STT</subfield>
  </datafield>
  <controlfield tag="001">ntk20201087956</controlfield>
  <controlfield tag="003">CZ PrNK</controlfield>
  <controlfield tag="005">20201006093130.0</controlfield>
  <controlfield tag="008">201005|n|aznnnaabn           n a|a      </controlfield>
  <datafield tag="024" ind1="7" ind2=" ">
    <subfield code="a">0000000108988904</subfield>
    <subfield code="2">isni</subfield>
  </datafield>
  <datafield tag="024" ind1="7" ind2=" ">
    <subfield code="a">Q362753</subfield>
    <subfield code="2">wikidata</subfield>
  </datafield>
  <datafield tag="040" ind1=" " ind2=" ">
    <subfield code="a">ABA013</subfield>
    <subfield code="b">cze</subfield>
    <subfield code="e">rda</subfield>
  </datafield>
  <datafield tag="046" ind1=" " ind2=" ">
    <subfield code="f">1620</subfield>
    <subfield code="g">1687</subfield>
  </datafield>
  <datafield tag="100" ind1="1" ind2=" ">
    <subfield code="a">Mercator, Nicolaus,</subfield>
    <subfield code="d">1620-1687</subfield>
    <subfield code="7">ntk20201087956</subfield>
  </datafield>
  <datafield tag="368" ind1=" " ind2=" ">
    <subfield code="a">Magister der Philosophie</subfield>
    <subfield code="s">1641</subfield>
  </datafield>
  <datafield tag="370" ind1=" " ind2=" ">
    <subfield code="a">Eutin, Německo</subfield>
    <subfield code="b">Versailles, Francie</subfield>
    <subfield code="c">Německo</subfield>
  </datafield>
  <datafield tag="370" ind1=" " ind2=" ">
    <subfield code="f">Rostock, Německo</subfield>
    <subfield code="s">1642</subfield>
    <subfield code="t">1648</subfield>
  </datafield>
  <datafield tag="370" ind1=" " ind2=" ">
    <subfield code="f">Kodaň, Dánsko</subfield>
    <subfield code="s">1648</subfield>
    <subfield code="t">1654</subfield>
  </datafield>
  <datafield tag="370" ind1=" " ind2=" ">
    <subfield code="f">Paříž</subfield>
    <subfield code="s">1655</subfield>
    <subfield code="t">1657</subfield>
  </datafield>
  <datafield tag="370" ind1=" " ind2=" ">
    <subfield code="f">Londýn, Anglie</subfield>
    <subfield code="s">1658</subfield>
    <subfield code="t">1682</subfield>
  </datafield>
  <datafield tag="372" ind1=" " ind2=" ">
    <subfield code="a">matematika</subfield>
    <subfield code="a">astronomie</subfield>
    <subfield code="a">trigonometrie</subfield>
    <subfield code="a">logaritmické tabulky</subfield>
    <subfield code="a">chronometry</subfield>
    <subfield code="a">goniometrické funkce</subfield>
    <subfield code="a">nebeská mechanika</subfield>
    <subfield code="a">hudební teorie</subfield>
  </datafield>
  <datafield tag="373" ind1=" " ind2=" ">
    <subfield code="a">Universität Rostock</subfield>
    <subfield code="s">1642</subfield>
    <subfield code="t">1648</subfield>
  </datafield>
  <datafield tag="373" ind1=" " ind2=" ">
    <subfield code="a">Københavns universitet</subfield>
    <subfield code="s">1648</subfield>
    <subfield code="t">1654</subfield>
  </datafield>
  <datafield tag="373" ind1=" " ind2=" ">
    <subfield code="a">Royal Society (Velká Británie)</subfield>
  </datafield>
  <datafield tag="374" ind1=" " ind2=" ">
    <subfield code="a">matematici</subfield>
    <subfield code="a">astronomové</subfield>
    <subfield code="a">vědci</subfield>
    <subfield code="a">vysokoškolští učitelé</subfield>
    <subfield code="a">muzikologové</subfield>
  </datafield>
  <datafield tag="375" ind1=" " ind2=" ">
    <subfield code="a">muž</subfield>
  </datafield>
  <datafield tag="377" ind1=" " ind2=" ">
    <subfield code="a">lat</subfield>
    <subfield code="a">ger</subfield>
  </datafield>
  <datafield tag="400" ind1="1" ind2=" ">
    <subfield code="a">Mercator, Nikolaus,</subfield>
    <subfield code="d">1620-1687</subfield>
    <subfield code="0">o</subfield>
  </datafield>
  <datafield tag="400" ind1="1" ind2=" ">
    <subfield code="w">r</subfield>
    <subfield code="i">Skutečné jméno:</subfield>
    <subfield code="a">Kauffman, Nikolaus,</subfield>
    <subfield code="d">1620-1687</subfield>
    <subfield code="0">o</subfield>
  </datafield>
  <datafield tag="400" ind1="1" ind2=" ">
    <subfield code="a">Kauffman, Nicolaus,</subfield>
    <subfield code="d">1620-1687</subfield>
    <subfield code="0">o</subfield>
  </datafield>
  <datafield tag="400" ind1="1" ind2=" ">
    <subfield code="a">Kaufmann, Nicolaus,</subfield>
    <subfield code="d">1620-1687</subfield>
    <subfield code="0">o</subfield>
  </datafield>
  <datafield tag="400" ind1="1" ind2=" ">
    <subfield code="a">Kauffmann, Nicolaus,</subfield>
    <subfield code="d">1620-1687</subfield>
    <subfield code="0">o</subfield>
  </datafield>
  <datafield tag="667" ind1=" " ind2=" ">
    <subfield code="a">Některé prameny uvádějí datum narození mezi lety 1619-1623, ale jako nejpravděpodobnější rok uvádějí 1620.</subfield>
  </datafield>
  <datafield tag="670" ind1=" " ind2=" ">
    <subfield code="a">MERCATOR, Nicolaus. In geometriam introductio brevis. In: PARDIES, Ignace-Gaston. ELEMENTA GEOMETRIÆ: in quibus Methodo brevi ac facili summe necessaria ex Euclide, Archimede, Apollonio, &amp; nobilissima veterum &amp; recentiorum Geometrarum inventa traduntur. JENÆ: SVMPTIBVS GEORGII CHRIST. TROEBERT, 1721, (v odkazovaném digitalizátu na s. 25-48)</subfield>
    <subfield code="u">http://mdz-nbn-resolving.de/urn:nbn:de:bvb:12-bsb10594210-1</subfield>
  </datafield>
  <datafield tag="670" ind1=" " ind2=" ">
    <subfield code="a">DNB, cit. 5. 10. 2020</subfield>
    <subfield code="b">autoritní forma, životní data, odkazy viz</subfield>
    <subfield code="u">http://d-nb.info/gnd/118783335</subfield>
  </datafield>
  <datafield tag="670" ind1=" " ind2=" ">
    <subfield code="a">www(Wikipedia, die freie Enzyklopädie), cit. 5. 10. 2020</subfield>
    <subfield code="b">biografické a profesní údaje, místo narození</subfield>
    <subfield code="u">https://en.wikipedia.org/wiki/Nicholas_Mercator</subfield>
  </datafield>
  <datafield tag="670" ind1=" " ind2=" ">
    <subfield code="a">www(Wikidata, Nicholas Mercator), cit. 5. 10. 2020</subfield>
    <subfield code="b">místo úmrtí</subfield>
    <subfield code="u">https://www.wikidata.org/wiki/Q362753</subfield>
  </datafield>
  <datafield tag="678" ind1="0" ind2=" ">
    <subfield code="a">Německý matematik, astronom i hudební teoretik. Působil na více univerzitách, od listopadu 1666 byl členem britské Královské společnosti. Jeho nejvýznamnějším dílem je práce o logaritmech (Logarithmo-technia ..., Londýn, 1668). V roce 1682 pozval Jean Colbert Mercatora, aby pomohl s návrhem a konstrukcí fontán ve Versailleském paláci.</subfield>
  </datafield>
  <datafield tag="906" ind1=" " ind2=" ">
    <subfield code="a">za20201005</subfield>
    <subfield code="b">jime</subfield>
  </datafield>
  <datafield tag="906" ind1=" " ind2=" ">
    <subfield code="a">ko20201006</subfield>
    <subfield code="b">evbr</subfield>
  </datafield>
</record>