

<record>
  <leader>     cz  a22     n  4500</leader>
  <controlfield tag="001">mub20201087972</controlfield>
  <controlfield tag="003">CZ PrNK</controlfield>
  <controlfield tag="005">20201008093651.0</controlfield>
  <controlfield tag="008">201005|n|aznnnaabn           n a|a      </controlfield>
  <datafield tag="040" ind1=" " ind2=" ">
    <subfield code="a">BOD003</subfield>
    <subfield code="b">cze</subfield>
    <subfield code="d">ABA001</subfield>
    <subfield code="e">rda</subfield>
  </datafield>
  <datafield tag="046" ind1=" " ind2=" ">
    <subfield code="f">1932</subfield>
    <subfield code="g">1997</subfield>
  </datafield>
  <datafield tag="100" ind1="1" ind2=" ">
    <subfield code="a">Pylyns‘kyj, Mykola Mykolajovyč,</subfield>
    <subfield code="d">1932-1997</subfield>
    <subfield code="7">mub20201087972</subfield>
  </datafield>
  <datafield tag="MOR" ind1="0" ind2=" ">
    <subfield code="a">Pylyns'kyj, Mykola Mykolajovyč,</subfield>
    <subfield code="d">1932-1997</subfield>
    <subfield code="7">mub20201087972</subfield>
  </datafield>
  <datafield tag="370" ind1=" " ind2=" ">
    <subfield code="c">Ukrajina</subfield>
    <subfield code="f">Sovětský svaz</subfield>
  </datafield>
  <datafield tag="372" ind1=" " ind2=" ">
    <subfield code="a">lingvistika</subfield>
    <subfield code="a">filologie</subfield>
    <subfield code="a">ukrajinština</subfield>
    <subfield code="a">ruština</subfield>
  </datafield>
  <datafield tag="374" ind1=" " ind2=" ">
    <subfield code="a">lingvisté</subfield>
    <subfield code="a">filologové</subfield>
    <subfield code="a">rusisté</subfield>
    <subfield code="a">ukrajinisté</subfield>
  </datafield>
  <datafield tag="375" ind1=" " ind2=" ">
    <subfield code="a">muž</subfield>
  </datafield>
  <datafield tag="377" ind1=" " ind2=" ">
    <subfield code="a">ukr</subfield>
  </datafield>
  <datafield tag="400" ind1="1" ind2=" ">
    <subfield code="a">Pilins‘kij, Mikola Mikolajovič,</subfield>
    <subfield code="d">1932-1997</subfield>
    <subfield code="0">o</subfield>
  </datafield>
  <datafield tag="400" ind1="1" ind2=" ">
    <subfield code="a">Pilinskij, M. M.,</subfield>
    <subfield code="d">1932-1997</subfield>
    <subfield code="0">o</subfield>
  </datafield>
  <datafield tag="400" ind1="1" ind2=" ">
    <subfield code="a">Pilinskij, N. N.,</subfield>
    <subfield code="d">1932-1997</subfield>
    <subfield code="0">o</subfield>
  </datafield>
  <datafield tag="400" ind1="1" ind2=" ">
    <subfield code="a">Pilinskij, Nikolaj Nikolajevič,</subfield>
    <subfield code="d">1932-1997</subfield>
    <subfield code="0">o</subfield>
  </datafield>
  <datafield tag="400" ind1="1" ind2=" ">
    <subfield code="a">Pylyns'ky, M. M.,</subfield>
    <subfield code="d">1932-1997</subfield>
    <subfield code="0">o</subfield>
  </datafield>
  <datafield tag="400" ind1="1" ind2=" ">
    <subfield code="a">Pylynskyi, Mykola Mykolaiovych,</subfield>
    <subfield code="d">1932-1997</subfield>
    <subfield code="0">o</subfield>
  </datafield>
  <datafield tag="400" ind1="1" ind2=" ">
    <subfield code="a">Pilins‘kij, M. M.,</subfield>
    <subfield code="d">1932-1997</subfield>
    <subfield code="0">o</subfield>
  </datafield>
  <datafield tag="670" ind1=" " ind2=" ">
    <subfield code="a">Russko-ukrainskij slovar‘. Tom tretij, Pro-Ja (redaktory toma: S. I. Golovaščuk, L. A. Korobčinskaja, N. N. Pilinskij), 1984</subfield>
    <subfield code="b">odkaz viz</subfield>
  </datafield>
  <datafield tag="670" ind1=" " ind2=" ">
    <subfield code="a">NBU, cit. 5. 10. 2020</subfield>
    <subfield code="b">autoritní forma, odkaz viz</subfield>
  </datafield>
  <datafield tag="670" ind1=" " ind2=" ">
    <subfield code="a">NUKAT, cit. 5. 10. 2020</subfield>
    <subfield code="b">datum narození a úmrtí, odkazy viz, biografické údaje</subfield>
  </datafield>
  <datafield tag="678" ind1="0" ind2=" ">
    <subfield code="a">Ukrajinský a sovětský lingvista a filolog, rusista, autor a editor jazykovědných slovníků a příruček.</subfield>
  </datafield>
  <datafield tag="906" ind1=" " ind2=" ">
    <subfield code="a">za20201005</subfield>
    <subfield code="b">krekovax</subfield>
  </datafield>
  <datafield tag="906" ind1=" " ind2=" ">
    <subfield code="a">ko20201005</subfield>
    <subfield code="b">pospel</subfield>
    <subfield code="c">Záhlaví - oprava jména (transliterace), viz - oprava jména (transliterace)</subfield>
  </datafield>
  <datafield tag="906" ind1=" " ind2=" ">
    <subfield code="a">oz20201005</subfield>
    <subfield code="b">pospel</subfield>
    <subfield code="c">Záhlaví - oprava jména (transliterace)</subfield>
  </datafield>
  <datafield tag="906" ind1=" " ind2=" ">
    <subfield code="a">vr20201008</subfield>
    <subfield code="b">maku</subfield>
  </datafield>
</record>