

<record>
  <leader>     nz  a22     n  4500</leader>
  <controlfield tag="001">mub20201087973</controlfield>
  <controlfield tag="003">CZ PrNK</controlfield>
  <controlfield tag="005">20201008092038.0</controlfield>
  <controlfield tag="008">201005|n|aznnnaabn           n a|a      </controlfield>
  <datafield tag="040" ind1=" " ind2=" ">
    <subfield code="a">BOD003</subfield>
    <subfield code="b">cze</subfield>
    <subfield code="d">ABA001</subfield>
    <subfield code="e">rda</subfield>
  </datafield>
  <datafield tag="046" ind1=" " ind2=" ">
    <subfield code="f">1898</subfield>
    <subfield code="g">1973</subfield>
  </datafield>
  <datafield tag="100" ind1="1" ind2=" ">
    <subfield code="a">Pobedimova, Jevgenija Georgijevna,</subfield>
    <subfield code="d">1898-1973</subfield>
    <subfield code="7">mub20201087973</subfield>
  </datafield>
  <datafield tag="370" ind1=" " ind2=" ">
    <subfield code="c">Rusko</subfield>
    <subfield code="f">Sovětský svaz</subfield>
  </datafield>
  <datafield tag="372" ind1=" " ind2=" ">
    <subfield code="a">botanika</subfield>
    <subfield code="a">systematická botanika</subfield>
    <subfield code="a">botanický výzkum</subfield>
  </datafield>
  <datafield tag="374" ind1=" " ind2=" ">
    <subfield code="a">botaničky</subfield>
    <subfield code="a">bioložky</subfield>
    <subfield code="a">vědkyně</subfield>
  </datafield>
  <datafield tag="375" ind1=" " ind2=" ">
    <subfield code="a">žena</subfield>
  </datafield>
  <datafield tag="377" ind1=" " ind2=" ">
    <subfield code="a">rus</subfield>
  </datafield>
  <datafield tag="400" ind1="1" ind2=" ">
    <subfield code="a">Pobedimova, Je. G.,</subfield>
    <subfield code="d">1898-1973</subfield>
    <subfield code="0">o</subfield>
  </datafield>
  <datafield tag="670" ind1=" " ind2=" ">
    <subfield code="a">Flora SSSR. XV (sostavili: K.S. Afanasjev, A.G. Borisova, V.N. Vasiljev, S.G. Gorškova, M.M. Ilin, M.V. Klokov, V.P. Malejev, O.A. Muraveva, Je.G. Pobedimova, A.I. Pojarkova, Ja.I. Prochanov, B.K. Šiškin, Je.I. Štejnberg, S.V. Juzepčuk), 1949</subfield>
    <subfield code="b">odkaz viz</subfield>
  </datafield>
  <datafield tag="670" ind1=" " ind2=" ">
    <subfield code="a">NLR, cit. 5. 10. 2020</subfield>
    <subfield code="b">datum narození, publikační zaměření</subfield>
  </datafield>
  <datafield tag="670" ind1=" " ind2=" ">
    <subfield code="a">RSL, cit. 5. 10. 2020</subfield>
    <subfield code="b">autoritní forma, odkaz viz</subfield>
  </datafield>
  <datafield tag="670" ind1=" " ind2=" ">
    <subfield code="a">www(Vikipedija, svobodnaja ènciklopedija), cit. 5. 10. 2020</subfield>
    <subfield code="b">biografické údaje, datum úmrtí</subfield>
    <subfield code="u">https://ru.wikipedia.org/wiki/Победимова,_Евгения_Георгиевна</subfield>
  </datafield>
  <datafield tag="678" ind1="0" ind2=" ">
    <subfield code="a">Ruská a sovětská botanička, kandidátka biologických věd, zaměřena na botanický výzkum v jihovýchodním Mongolsku.</subfield>
  </datafield>
  <datafield tag="906" ind1=" " ind2=" ">
    <subfield code="a">za20201005</subfield>
    <subfield code="b">krekovax</subfield>
  </datafield>
  <datafield tag="906" ind1=" " ind2=" ">
    <subfield code="a">ko20201005</subfield>
    <subfield code="b">pospel</subfield>
    <subfield code="c">370 - oprava, zdroj - další výskyt, zdroj - oprava, biografická poznámka - doplnění</subfield>
  </datafield>
  <datafield tag="906" ind1=" " ind2=" ">
    <subfield code="a">vr20201008</subfield>
    <subfield code="b">maku</subfield>
  </datafield>
</record>