

<record>
  <leader>     nz  a22     n  4500</leader>
  <controlfield tag="001">mub20201087974</controlfield>
  <controlfield tag="003">CZ PrNK</controlfield>
  <controlfield tag="005">20201008085926.0</controlfield>
  <controlfield tag="008">201005|n|aznnnaabn           n a|a      </controlfield>
  <datafield tag="040" ind1=" " ind2=" ">
    <subfield code="a">BOD003</subfield>
    <subfield code="b">cze</subfield>
    <subfield code="d">ABA001</subfield>
    <subfield code="e">rda</subfield>
  </datafield>
  <datafield tag="100" ind1="1" ind2=" ">
    <subfield code="a">Podšivalov, Dmitrij Borisovič</subfield>
    <subfield code="7">mub20201087974</subfield>
  </datafield>
  <datafield tag="370" ind1=" " ind2=" ">
    <subfield code="c">Rusko</subfield>
    <subfield code="f">Sovětský svaz</subfield>
  </datafield>
  <datafield tag="372" ind1=" " ind2=" ">
    <subfield code="a">informatika</subfield>
    <subfield code="a">automatizace</subfield>
    <subfield code="a">programování</subfield>
    <subfield code="a">překlady z angličtiny</subfield>
    <subfield code="a">překlady do ruštiny</subfield>
  </datafield>
  <datafield tag="374" ind1=" " ind2=" ">
    <subfield code="a">informatici</subfield>
    <subfield code="a">programátoři</subfield>
    <subfield code="a">překladatelé</subfield>
    <subfield code="a">editoři</subfield>
  </datafield>
  <datafield tag="375" ind1=" " ind2=" ">
    <subfield code="a">muž</subfield>
  </datafield>
  <datafield tag="377" ind1=" " ind2=" ">
    <subfield code="a">rus</subfield>
  </datafield>
  <datafield tag="400" ind1="1" ind2=" ">
    <subfield code="a">Podšivalov, D. B.</subfield>
    <subfield code="0">o</subfield>
  </datafield>
  <datafield tag="670" ind1=" " ind2=" ">
    <subfield code="a">Grogono, P.: Programmirovanije na jazyke Paskal‘ (pod redakcijej D. B. Podšivalova), 1982</subfield>
    <subfield code="b">odkaz viz</subfield>
  </datafield>
  <datafield tag="670" ind1=" " ind2=" ">
    <subfield code="a">RSL, cit. 5. 10. 2020</subfield>
    <subfield code="b">autoritní forma</subfield>
  </datafield>
  <datafield tag="670" ind1=" " ind2=" ">
    <subfield code="a">NLR, cit. 5. 10. 2020</subfield>
    <subfield code="b">publikační zaměření, odkaz viz</subfield>
  </datafield>
  <datafield tag="670" ind1=" " ind2=" ">
    <subfield code="a">NUKAT, cit. 5. 10. 2020</subfield>
    <subfield code="b">odkaz viz, profesní údaje</subfield>
  </datafield>
  <datafield tag="678" ind1="0" ind2=" ">
    <subfield code="a">Ruský a sovětský informatik a programátor, též překladatel odborné literatury z angličtiny do ruštiny a editor prací o programování.</subfield>
  </datafield>
  <datafield tag="906" ind1=" " ind2=" ">
    <subfield code="a">za20201005</subfield>
    <subfield code="b">krekovax</subfield>
  </datafield>
  <datafield tag="906" ind1=" " ind2=" ">
    <subfield code="a">ko20201005</subfield>
    <subfield code="b">pospel</subfield>
    <subfield code="c">Zdroj - další výskyt, zdroj - oprava, 370 - doplnění podpole, 372, 374 - doplnění, biografická poznámka - doplnění</subfield>
  </datafield>
  <datafield tag="906" ind1=" " ind2=" ">
    <subfield code="a">vr20201008</subfield>
    <subfield code="b">maku</subfield>
  </datafield>
</record>