

<record>
  <leader>     nz  a22     n  4500</leader>
  <controlfield tag="001">kon20201087981</controlfield>
  <controlfield tag="003">CZ PrNK</controlfield>
  <controlfield tag="005">20201006080601.0</controlfield>
  <controlfield tag="008">201006|n|aznnnaabn           n a|a      </controlfield>
  <datafield tag="040" ind1=" " ind2=" ">
    <subfield code="a">ABA001</subfield>
    <subfield code="b">cze</subfield>
    <subfield code="e">rda</subfield>
  </datafield>
  <datafield tag="110" ind1="2" ind2=" ">
    <subfield code="a">Klárův ústav slepců.</subfield>
    <subfield code="t">Výroční zpráva (Klárův ústav slepců)</subfield>
    <subfield code="7">kon20201087981</subfield>
  </datafield>
  <datafield tag="410" ind1="2" ind2=" ">
    <subfield code="a">Klárův ústav slepců.</subfield>
    <subfield code="t">Zpráva o činnosti a výkaz jmění Klárova ústavu slepců</subfield>
    <subfield code="0">o</subfield>
  </datafield>
  <datafield tag="670" ind1=" " ind2=" ">
    <subfield code="a">Zpráva o činnosti a výkaz jmění Klárova ústavu slepců. V Praze : nákladem Klárova ústavu slepců, 1905-1908</subfield>
  </datafield>
  <datafield tag="906" ind1=" " ind2=" ">
    <subfield code="a">br20201006</subfield>
    <subfield code="b">juri</subfield>
  </datafield>
  <datafield tag="906" ind1=" " ind2=" ">
    <subfield code="a">ks20201006</subfield>
    <subfield code="b">juri</subfield>
  </datafield>
</record>