

<record>
  <leader>     nz  a22     n  4500</leader>
  <controlfield tag="001">mzk20201088005</controlfield>
  <controlfield tag="003">CZ PrNK</controlfield>
  <controlfield tag="005">20201008121708.0</controlfield>
  <controlfield tag="008">201006|n|aznnnaabn           n a|a      </controlfield>
  <datafield tag="024" ind1="7" ind2=" ">
    <subfield code="a">0000000116227558</subfield>
    <subfield code="2">isni</subfield>
  </datafield>
  <datafield tag="024" ind1="7" ind2=" ">
    <subfield code="a">Q6836003</subfield>
    <subfield code="2">wikidata</subfield>
  </datafield>
  <datafield tag="040" ind1=" " ind2=" ">
    <subfield code="a">BOA001</subfield>
    <subfield code="b">cze</subfield>
    <subfield code="e">rda</subfield>
  </datafield>
  <datafield tag="046" ind1=" " ind2=" ">
    <subfield code="f">1460</subfield>
    <subfield code="g">1534</subfield>
  </datafield>
  <datafield tag="100" ind1="1" ind2=" ">
    <subfield code="a">Falkener, Michał,</subfield>
    <subfield code="d">asi 1460-1534</subfield>
    <subfield code="7">mzk20201088005</subfield>
  </datafield>
  <datafield tag="370" ind1=" " ind2=" ">
    <subfield code="a">Vratislav, Polsko</subfield>
    <subfield code="c">Polsko</subfield>
    <subfield code="f">Krakov, Polsko</subfield>
  </datafield>
  <datafield tag="372" ind1=" " ind2=" ">
    <subfield code="a">křesťanská filozofie</subfield>
    <subfield code="a">katolická teologie</subfield>
    <subfield code="a">katolická dogmatika</subfield>
    <subfield code="a">astronomie</subfield>
    <subfield code="a">astrologie</subfield>
    <subfield code="a">matematika</subfield>
    <subfield code="a">filologie</subfield>
  </datafield>
  <datafield tag="374" ind1=" " ind2=" ">
    <subfield code="a">křesťanští filozofové</subfield>
    <subfield code="a">katoličtí teologové</subfield>
    <subfield code="a">astronomové</subfield>
    <subfield code="a">astrologové</subfield>
    <subfield code="a">matematici</subfield>
    <subfield code="a">filologové</subfield>
    <subfield code="a">vysokoškolští učitelé</subfield>
  </datafield>
  <datafield tag="375" ind1=" " ind2=" ">
    <subfield code="a">muž</subfield>
  </datafield>
  <datafield tag="377" ind1=" " ind2=" ">
    <subfield code="a">lat</subfield>
  </datafield>
  <datafield tag="400" ind1="1" ind2=" ">
    <subfield code="a">Falkener, Michael,</subfield>
    <subfield code="d">asi 1460-1534</subfield>
    <subfield code="0">o</subfield>
  </datafield>
  <datafield tag="400" ind1="1" ind2=" ">
    <subfield code="a">Falkener de Vratislavia, Michael,</subfield>
    <subfield code="d">asi 1460-1534</subfield>
    <subfield code="0">o</subfield>
  </datafield>
  <datafield tag="400" ind1="1" ind2=" ">
    <subfield code="a">Falkener z Wrocławia, Michał,</subfield>
    <subfield code="d">asi 1460-1534</subfield>
    <subfield code="0">o</subfield>
  </datafield>
  <datafield tag="400" ind1="1" ind2=" ">
    <subfield code="a">Vratislaviensis, Michael,</subfield>
    <subfield code="d">asi 1460-1534</subfield>
    <subfield code="0">o</subfield>
  </datafield>
  <datafield tag="400" ind1="1" ind2=" ">
    <subfield code="a">Wratislaviensis, Michael,</subfield>
    <subfield code="d">asi 1460-1534</subfield>
    <subfield code="0">o</subfield>
  </datafield>
  <datafield tag="400" ind1="1" ind2=" ">
    <subfield code="a">Wrocławczyk, Michał,</subfield>
    <subfield code="d">asi 1460-1534</subfield>
    <subfield code="0">o</subfield>
  </datafield>
  <datafield tag="400" ind1="0" ind2=" ">
    <subfield code="a">Michael,</subfield>
    <subfield code="c">Vratislaviensis,</subfield>
    <subfield code="d">asi 1460-1534</subfield>
    <subfield code="0">o</subfield>
  </datafield>
  <datafield tag="400" ind1="0" ind2=" ">
    <subfield code="a">Michael,</subfield>
    <subfield code="c">Wratislaviensis,</subfield>
    <subfield code="d">asi 1460-1534</subfield>
    <subfield code="0">o</subfield>
  </datafield>
  <datafield tag="400" ind1="0" ind2=" ">
    <subfield code="a">Michał,</subfield>
    <subfield code="c">Wrocławczyk,</subfield>
    <subfield code="d">asi 1460-1534</subfield>
    <subfield code="0">o</subfield>
  </datafield>
  <datafield tag="400" ind1="0" ind2=" ">
    <subfield code="a">Michał,</subfield>
    <subfield code="c">z Wrocławia,</subfield>
    <subfield code="d">asi 1460-1534</subfield>
    <subfield code="0">o</subfield>
  </datafield>
  <datafield tag="400" ind1="0" ind2=" ">
    <subfield code="a">Michael,</subfield>
    <subfield code="c">de Wratislawia,</subfield>
    <subfield code="d">asi 1460-1534</subfield>
    <subfield code="0">o</subfield>
  </datafield>
  <datafield tag="667" ind1=" " ind2=" ">
    <subfield code="a">Zdroj DNB uvádí též rok úmrtí 1533.</subfield>
  </datafield>
  <datafield tag="670" ind1=" " ind2=" ">
    <subfield code="a">Bochenek, Krzysztof: Epithoma conclusionum theologicalium (Lib. I et II) Michała Falkenera z Wrocławia, 2003</subfield>
  </datafield>
  <datafield tag="670" ind1=" " ind2=" ">
    <subfield code="a">NUKAT, cit. 6. 10. 2020</subfield>
    <subfield code="b">autoritní forma, odkazy viz, biografické údaje</subfield>
  </datafield>
  <datafield tag="670" ind1=" " ind2=" ">
    <subfield code="a">DNB, cit. 8. 10. 2020</subfield>
    <subfield code="b">odkazy viz, biografické údaje</subfield>
  </datafield>
  <datafield tag="670" ind1=" " ind2=" ">
    <subfield code="a">www(Wikipedia, wolna encyklopedia), cit. 6. 10. 2020</subfield>
    <subfield code="b">odkazy viz</subfield>
    <subfield code="u">https://pl.wikipedia.org/wiki/Michał_Wrocławczyk</subfield>
  </datafield>
  <datafield tag="678" ind1="0" ind2=" ">
    <subfield code="a">Polský filozof, teolog, astronom, astrolog, matematik, filolog a vysokoškolský učitel.</subfield>
  </datafield>
  <datafield tag="906" ind1=" " ind2=" ">
    <subfield code="a">za20201006</subfield>
    <subfield code="b">fisata</subfield>
  </datafield>
  <datafield tag="906" ind1=" " ind2=" ">
    <subfield code="a">ko20201008</subfield>
    <subfield code="b">klosja</subfield>
  </datafield>
</record>