

<record>
  <leader>     nz  a22     n  4500</leader>
  <controlfield tag="001">jo20201088009</controlfield>
  <controlfield tag="003">CZ PrNK</controlfield>
  <controlfield tag="005">20201006104500.0</controlfield>
  <controlfield tag="008">201006|n|aznnnaabn           n a|a      </controlfield>
  <datafield tag="040" ind1=" " ind2=" ">
    <subfield code="a">ABA001</subfield>
    <subfield code="b">cze</subfield>
    <subfield code="e">rda</subfield>
  </datafield>
  <datafield tag="046" ind1=" " ind2=" ">
    <subfield code="f">1905</subfield>
    <subfield code="g">1996</subfield>
  </datafield>
  <datafield tag="100" ind1="1" ind2=" ">
    <subfield code="a">Šukienė, Ona,</subfield>
    <subfield code="d">1905-1996</subfield>
    <subfield code="7">jo20201088009</subfield>
  </datafield>
  <datafield tag="370" ind1=" " ind2=" ">
    <subfield code="c">Litva</subfield>
    <subfield code="f">Sovětský svaz</subfield>
  </datafield>
  <datafield tag="370" ind1=" " ind2=" ">
    <subfield code="c">Kanada</subfield>
    <subfield code="s">1965</subfield>
  </datafield>
  <datafield tag="375" ind1=" " ind2=" ">
    <subfield code="a">žena</subfield>
  </datafield>
  <datafield tag="377" ind1=" " ind2=" ">
    <subfield code="a">lit</subfield>
  </datafield>
  <datafield tag="670" ind1=" " ind2=" ">
    <subfield code="a">Šukys, Julija: Siberian exile :blood, war, and a granddaughter's reckoning, 2017</subfield>
    <subfield code="b">autoritní forma, data, biografické údaje</subfield>
  </datafield>
  <datafield tag="670" ind1=" " ind2=" ">
    <subfield code="a">www(Jaunā Gaita), cit. 6. 10. 2020</subfield>
    <subfield code="b">autoritní forma, data, biografické údaje</subfield>
    <subfield code="u">https://jaunagaita.net/jg293/JG293_Gramatas.%20Slesers.htm</subfield>
  </datafield>
  <datafield tag="675" ind1=" " ind2=" ">
    <subfield code="a">NLL, cit. 6. 10. 2020;</subfield>
    <subfield code="a">NLC-Aurora, cit. 6. 10. 2020;</subfield>
    <subfield code="a">LC (Names), cit. 6. 10. 2020</subfield>
  </datafield>
  <datafield tag="678" ind1="0" ind2=" ">
    <subfield code="a">Litevská politická vězenkyně, žila v pracovním táboře na Sibiři, od roku 1965 v Kanadě.</subfield>
  </datafield>
  <datafield tag="906" ind1=" " ind2=" ">
    <subfield code="a">br20201006</subfield>
    <subfield code="b">tone</subfield>
  </datafield>
</record>