

<record>
  <leader>     cz  a22     n  4500</leader>
  <controlfield tag="001">xx0252417</controlfield>
  <controlfield tag="003">CZ PrNK</controlfield>
  <controlfield tag="005">20201007084522.0</controlfield>
  <controlfield tag="008">201006|n|aznnnaabn           n a|a      </controlfield>
  <datafield tag="040" ind1=" " ind2=" ">
    <subfield code="a">ABH306</subfield>
    <subfield code="b">cze</subfield>
    <subfield code="d">ABA001</subfield>
    <subfield code="e">rda</subfield>
  </datafield>
  <datafield tag="046" ind1=" " ind2=" ">
    <subfield code="f">1880</subfield>
    <subfield code="g">1943</subfield>
  </datafield>
  <datafield tag="100" ind1="1" ind2=" ">
    <subfield code="a">Grosse, Walther,</subfield>
    <subfield code="d">1880-1943</subfield>
    <subfield code="7">xx0252417</subfield>
  </datafield>
  <datafield tag="370" ind1=" " ind2=" ">
    <subfield code="a">Osterwieck-Schauen, Německo</subfield>
    <subfield code="b">Wernigerode, Německo</subfield>
    <subfield code="c">Německo</subfield>
    <subfield code="f">Wernigerode, Německo</subfield>
  </datafield>
  <datafield tag="372" ind1=" " ind2=" ">
    <subfield code="a">soudnictví</subfield>
    <subfield code="a">regionální dějiny</subfield>
  </datafield>
  <datafield tag="374" ind1=" " ind2=" ">
    <subfield code="a">právníci</subfield>
    <subfield code="a">historici</subfield>
  </datafield>
  <datafield tag="375" ind1=" " ind2=" ">
    <subfield code="a">muž</subfield>
  </datafield>
  <datafield tag="377" ind1=" " ind2=" ">
    <subfield code="a">ger</subfield>
  </datafield>
  <datafield tag="400" ind1="1" ind2=" ">
    <subfield code="a">Grosse, W.,</subfield>
    <subfield code="d">1880-1943</subfield>
    <subfield code="0">o</subfield>
  </datafield>
  <datafield tag="400" ind1="1" ind2=" ">
    <subfield code="a">Große, Walther,</subfield>
    <subfield code="d">1880-1943</subfield>
    <subfield code="0">o</subfield>
  </datafield>
  <datafield tag="400" ind1="1" ind2=" ">
    <subfield code="a">Grosse, Walter,</subfield>
    <subfield code="d">1880-1943</subfield>
    <subfield code="0">o</subfield>
  </datafield>
  <datafield tag="400" ind1="1" ind2=" ">
    <subfield code="a">Grosse-Wernigerode, Walther,</subfield>
    <subfield code="d">1880-1943</subfield>
    <subfield code="0">o</subfield>
  </datafield>
  <datafield tag="400" ind1="1" ind2=" ">
    <subfield code="a">Grosse-Wernigerode, W.,</subfield>
    <subfield code="d">1880-1943</subfield>
    <subfield code="0">o</subfield>
  </datafield>
  <datafield tag="400" ind1="1" ind2=" ">
    <subfield code="a">Grosse, Walter,</subfield>
    <subfield code="d">1880-1943</subfield>
    <subfield code="0">o</subfield>
  </datafield>
  <datafield tag="667" ind1=" " ind2=" ">
    <subfield code="a">Zdroj Wikipedia uvádí v záhlaví doplněk ve tvaru: (Jurist).</subfield>
  </datafield>
  <datafield tag="670" ind1=" " ind2=" ">
    <subfield code="a">Goern, Hermann: Die Lauenburg im Ostharz, 1940</subfield>
  </datafield>
  <datafield tag="670" ind1=" " ind2=" ">
    <subfield code="a">DNB, cit. 22. 9. 2020</subfield>
    <subfield code="b">autoritní forma, rok narození a úmrtí, místo narození a úmrtí, odkaz viz, biografické údaje, související místo (alternativně pole 370)</subfield>
  </datafield>
  <datafield tag="670" ind1=" " ind2=" ">
    <subfield code="a">www(Wikipedia, die freie Enzyklopädie), cit 22. 9. 2020</subfield>
    <subfield code="b">úplné datum narození a úmrtí, místo narození a úmrtí, biografické údaje, národnost</subfield>
    <subfield code="u">https://de.wikipedia.org/wiki/Walther_Grosse_(Jurist)</subfield>
  </datafield>
  <datafield tag="678" ind1="0" ind2=" ">
    <subfield code="a">Německý právník a regionální historik, člen historické komise a památkové komise pruské provincie Sasko. Narozen 27. března 1880 v Schauen, zemřel 27. září 1943 ve Wernigerode.</subfield>
  </datafield>
  <datafield tag="906" ind1=" " ind2=" ">
    <subfield code="a">za20201006</subfield>
    <subfield code="b">xzdkr</subfield>
  </datafield>
  <datafield tag="906" ind1=" " ind2=" ">
    <subfield code="a">op20201007</subfield>
    <subfield code="b">lisi</subfield>
    <subfield code="c">Viz - doplnění interpunkce</subfield>
  </datafield>
</record>