

<record>
  <leader>     nz  a22     n  4500</leader>
  <controlfield tag="001">xx0252418</controlfield>
  <controlfield tag="003">CZ PrNK</controlfield>
  <controlfield tag="005">20201007084803.0</controlfield>
  <controlfield tag="008">201006|n|aznnnaabn           n a|a      </controlfield>
  <datafield tag="040" ind1=" " ind2=" ">
    <subfield code="a">ABH306</subfield>
    <subfield code="b">cze</subfield>
    <subfield code="d">ABA001</subfield>
    <subfield code="e">rda</subfield>
  </datafield>
  <datafield tag="046" ind1=" " ind2=" ">
    <subfield code="f">1816</subfield>
    <subfield code="g">1878</subfield>
  </datafield>
  <datafield tag="100" ind1="1" ind2=" ">
    <subfield code="a">Keil, Ernst,</subfield>
    <subfield code="d">1816-1878</subfield>
    <subfield code="7">xx0252418</subfield>
  </datafield>
  <datafield tag="370" ind1=" " ind2=" ">
    <subfield code="a">Bad Langensalza, Německo</subfield>
    <subfield code="b">Lipsko, Německo</subfield>
    <subfield code="c">Německo</subfield>
  </datafield>
  <datafield tag="372" ind1=" " ind2=" ">
    <subfield code="a">literatura</subfield>
    <subfield code="a">žurnalistika</subfield>
  </datafield>
  <datafield tag="374" ind1=" " ind2=" ">
    <subfield code="a">redaktoři</subfield>
    <subfield code="a">nakladatelé a vydavatelé</subfield>
    <subfield code="a">knihkupci</subfield>
  </datafield>
  <datafield tag="375" ind1=" " ind2=" ">
    <subfield code="a">muž</subfield>
  </datafield>
  <datafield tag="377" ind1=" " ind2=" ">
    <subfield code="a">ger</subfield>
  </datafield>
  <datafield tag="667" ind1=" " ind2=" ">
    <subfield code="a">Zdroj DNB uvádí v záhlaví doplněk ve tvaru: (Verleger).</subfield>
  </datafield>
  <datafield tag="670" ind1=" " ind2=" ">
    <subfield code="a">Ernst Keil - Franz Stark: Die "Heilige-Dreifaltigkeits-Kirche" zu Engelhaus im Karlsbader Land: eine Dokumentation in Wort und Bild über ein dem Verfall preisgegebenes seltenes barockes Bauwerk, 1987</subfield>
  </datafield>
  <datafield tag="670" ind1=" " ind2=" ">
    <subfield code="a">DNB, cit. 14. 9. 2020</subfield>
    <subfield code="b">autoritní forma, rok narození a úmrtí, místo narození a úmrtí, biografické údaje, národnost</subfield>
  </datafield>
  <datafield tag="670" ind1=" " ind2=" ">
    <subfield code="a">www(Wikipedia, Die freie Enzyklopädie), cit. 6. 10. 2020</subfield>
    <subfield code="b">rok narození a úmrtí, místo narození a úmrtí, biografické údaje</subfield>
    <subfield code="u">https://de.wikipedia.org/wiki/Ernst_Keil</subfield>
  </datafield>
  <datafield tag="678" ind1="0" ind2=" ">
    <subfield code="a">Německý knihkupec, vydavatel, editor a zakladatel rodinného časopisu Die Gartenlaube. Narozen 6. prosince 1816 v Bad Langensalzae, zemřel 23. března 1878 v Lipsku.</subfield>
  </datafield>
  <datafield tag="906" ind1=" " ind2=" ">
    <subfield code="a">za20201006</subfield>
    <subfield code="b">xzdkr</subfield>
  </datafield>
  <datafield tag="906" ind1=" " ind2=" ">
    <subfield code="a">vr20201007</subfield>
    <subfield code="b">lisi</subfield>
  </datafield>
</record>