

<record>
  <leader>     cz  a22     n  4500</leader>
  <controlfield tag="001">xx0252419</controlfield>
  <controlfield tag="003">CZ PrNK</controlfield>
  <controlfield tag="005">20201007090207.0</controlfield>
  <controlfield tag="008">201006|n|aznnnaabn           n a|a      </controlfield>
  <datafield tag="040" ind1=" " ind2=" ">
    <subfield code="a">ABH306</subfield>
    <subfield code="b">cze</subfield>
    <subfield code="d">ABA001</subfield>
    <subfield code="e">rda</subfield>
  </datafield>
  <datafield tag="046" ind1=" " ind2=" ">
    <subfield code="f">1991</subfield>
  </datafield>
  <datafield tag="100" ind1="1" ind2=" ">
    <subfield code="a">Nováková, Veronika,</subfield>
    <subfield code="d">1991-</subfield>
    <subfield code="7">xx0252419</subfield>
  </datafield>
  <datafield tag="368" ind1=" " ind2=" ">
    <subfield code="d">MgA., Univerzita Tomáše Bati ve Zlíně, specializace grafický design</subfield>
    <subfield code="s">2015</subfield>
  </datafield>
  <datafield tag="370" ind1=" " ind2=" ">
    <subfield code="a">Brno, Česko</subfield>
    <subfield code="c">Česko</subfield>
  </datafield>
  <datafield tag="372" ind1=" " ind2=" ">
    <subfield code="a">design</subfield>
  </datafield>
  <datafield tag="374" ind1=" " ind2=" ">
    <subfield code="a">designérky</subfield>
  </datafield>
  <datafield tag="375" ind1=" " ind2=" ">
    <subfield code="a">žena</subfield>
  </datafield>
  <datafield tag="377" ind1=" " ind2=" ">
    <subfield code="a">cze</subfield>
  </datafield>
  <datafield tag="400" ind1="1" ind2=" ">
    <subfield code="a">Nováková, Veronika Rút,</subfield>
    <subfield code="d">1991-</subfield>
    <subfield code="0">o</subfield>
  </datafield>
  <datafield tag="400" ind1="1" ind2=" ">
    <subfield code="a">Fullerová, Veronika Rút,</subfield>
    <subfield code="d">1991-</subfield>
    <subfield code="0">o</subfield>
  </datafield>
  <datafield tag="670" ind1=" " ind2=" ">
    <subfield code="a">Nováková, Veronika a kol.: Manuál dobré praxe reklamy a označování provozoven v městské části Brno-střed, 2017</subfield>
    <subfield code="b">autoritní forma</subfield>
  </datafield>
  <datafield tag="670" ind1=" " ind2=" ">
    <subfield code="a">www(Žlebek, Jan - Nováková, Veronika Rút: Designérka Nováková o centru Brna: Uřvaná reklama nahradila hulákající trhovce. In: Brněnský deník.cz), 16. 10. 2016, cit. 3. 10. 2020</subfield>
    <subfield code="b">rok narození, odkaz viz, biografické údaje</subfield>
  </datafield>
  <datafield tag="670" ind1=" " ind2=" ">
    <subfield code="a">www(osobní stránka), cit. 3. 9. 2020</subfield>
    <subfield code="b">odkaz viz, biografické údaje</subfield>
    <subfield code="u">https://veronikarut.com/</subfield>
  </datafield>
  <datafield tag="670" ind1=" " ind2=" ">
    <subfield code="a">www(Theses.cz - Vysokoškolské kvalifikační práce), cit. 7. 10. 2020</subfield>
    <subfield code="b">pole 368</subfield>
  </datafield>
  <datafield tag="678" ind1="0" ind2=" ">
    <subfield code="a">Narozena roku 1991 v Brně. MgA., grafická designerka a ilustrátorka. Zabývá se grafickým designem, marketingem, brandingem a vizuálním smogem ve veřejném prostoru.</subfield>
  </datafield>
  <datafield tag="906" ind1=" " ind2=" ">
    <subfield code="a">za20201006</subfield>
    <subfield code="b">xzdkr</subfield>
  </datafield>
  <datafield tag="906" ind1=" " ind2=" ">
    <subfield code="a">op20201007</subfield>
    <subfield code="b">lisi</subfield>
    <subfield code="c">Pole 368 - nově, zdroj - další výskyt</subfield>
  </datafield>
</record>