

<record>
  <leader>     nz  a22     n  4500</leader>
  <datafield tag="900" ind1=" " ind2=" ">
    <subfield code="a">N-NÁVRH-VP</subfield>
  </datafield>
  <controlfield tag="001">aun20201088019</controlfield>
  <controlfield tag="003">CZ PrNK</controlfield>
  <controlfield tag="005">20201006105606.0</controlfield>
  <controlfield tag="008">201006|n|acnnnaabn           n a|a      </controlfield>
  <datafield tag="040" ind1=" " ind2=" ">
    <subfield code="a">BOA001</subfield>
    <subfield code="b">cze</subfield>
  </datafield>
  <datafield tag="100" ind1="1" ind2=" ">
    <subfield code="a">Falkener, Michał,</subfield>
    <subfield code="d">asi 1460-1534.</subfield>
    <subfield code="t">Epithoma conclusionum theologicalium</subfield>
    <subfield code="7">aun20201088019</subfield>
  </datafield>
  <datafield tag="670" ind1=" " ind2=" ">
    <subfield code="a">Bochenek, Krzysztof: Epithoma conclusionum theologicalium (Lib. I et II) Michała Falkenera z Wrocławia, 2003</subfield>
  </datafield>
  <datafield tag="906" ind1=" " ind2=" ">
    <subfield code="a">za20201006</subfield>
    <subfield code="b">fisata</subfield>
  </datafield>
</record>