

<record>
  <leader>     cz  a22     n  4500</leader>
  <controlfield tag="001">xx0252426</controlfield>
  <controlfield tag="003">CZ PrNK</controlfield>
  <controlfield tag="005">20201006145143.0</controlfield>
  <controlfield tag="008">201006|n|aznnnaabn           n a|a      </controlfield>
  <datafield tag="040" ind1=" " ind2=" ">
    <subfield code="a">ABA010</subfield>
    <subfield code="b">cze</subfield>
    <subfield code="d">ABA001</subfield>
    <subfield code="e">rda</subfield>
  </datafield>
  <datafield tag="046" ind1=" " ind2=" ">
    <subfield code="f">1796</subfield>
    <subfield code="g">1868</subfield>
  </datafield>
  <datafield tag="100" ind1="1" ind2=" ">
    <subfield code="a">Gwinner, Philipp Friedrich,</subfield>
    <subfield code="d">1796-1868</subfield>
    <subfield code="7">xx0252426</subfield>
  </datafield>
  <datafield tag="MOR" ind1="0" ind2=" ">
    <subfield code="a">Gwinner, Philipp Friedrich,</subfield>
    <subfield code="d">1796-168</subfield>
    <subfield code="7">xx0252426</subfield>
  </datafield>
  <datafield tag="368" ind1=" " ind2=" ">
    <subfield code="d">Syndikus der Freien Stadt Frankfurt</subfield>
    <subfield code="s">1862</subfield>
  </datafield>
  <datafield tag="368" ind1=" " ind2=" ">
    <subfield code="d">Bürgermeister der Freien Stadt Frankfurt</subfield>
    <subfield code="s">1865</subfield>
  </datafield>
  <datafield tag="370" ind1=" " ind2=" ">
    <subfield code="a">Frankfurt nad Mohanem, Německo</subfield>
    <subfield code="b">Frankfurt nad Mohanem, Německo</subfield>
    <subfield code="c">Německo</subfield>
    <subfield code="f">Frankfurt nad Mohanem, Německo</subfield>
  </datafield>
  <datafield tag="372" ind1=" " ind2=" ">
    <subfield code="a">právo</subfield>
    <subfield code="a">politika</subfield>
    <subfield code="a">dějiny umění</subfield>
  </datafield>
  <datafield tag="374" ind1=" " ind2=" ">
    <subfield code="a">historici umění</subfield>
    <subfield code="a">právníci</subfield>
    <subfield code="a">politici</subfield>
  </datafield>
  <datafield tag="375" ind1=" " ind2=" ">
    <subfield code="a">muž</subfield>
  </datafield>
  <datafield tag="377" ind1=" " ind2=" ">
    <subfield code="a">ger</subfield>
  </datafield>
  <datafield tag="400" ind1="1" ind2=" ">
    <subfield code="a">Gwinner, Ph. Friedrich,</subfield>
    <subfield code="d">1796-1868</subfield>
    <subfield code="0">o</subfield>
  </datafield>
  <datafield tag="400" ind1="1" ind2=" ">
    <subfield code="a">Gwinner, Philipp,</subfield>
    <subfield code="d">1796-1868</subfield>
    <subfield code="0">o</subfield>
  </datafield>
  <datafield tag="670" ind1=" " ind2=" ">
    <subfield code="a">www(Wikipedia, die freie Enzyklopädie), cit. 6. 10. 2020</subfield>
    <subfield code="b">biografické údaje, národnost, pole 368</subfield>
    <subfield code="u">https://de.wikipedia.org/wiki/Philipp_Friedrich_Gwinner</subfield>
  </datafield>
  <datafield tag="670" ind1=" " ind2=" ">
    <subfield code="a">DNB, cit. 6. 10. 2020</subfield>
    <subfield code="b">autoritní forma, biografické údaje, životní data, pole 370</subfield>
  </datafield>
  <datafield tag="678" ind1="0" ind2=" ">
    <subfield code="a">Německý právník, politik a historik umění. Činný v politických a právních orgánech svobodného města Frankfurt. V roce 1865 starostou svobodného města Frankfurt.</subfield>
  </datafield>
  <datafield tag="856" ind1="4" ind2="2">
    <subfield code="3">provenience</subfield>
    <subfield code="u">http://provenio.net/media-viewer?rootDirectory=136029#!?file=183393</subfield>
    <subfield code="y">Heraldické exlibris s textem : Ph. Fr. Gwinner B.R.D.</subfield>
    <subfield code="4">N</subfield>
  </datafield>
  <datafield tag="856" ind1="4" ind2="2">
    <subfield code="3">zdroj</subfield>
    <subfield code="u">https://ng.kpsys.cz/#!/</subfield>
    <subfield code="y">knihovna Národní galerie v Praze</subfield>
    <subfield code="4">N</subfield>
  </datafield>
  <datafield tag="906" ind1=" " ind2=" ">
    <subfield code="a">za20201006</subfield>
    <subfield code="b">xpaku</subfield>
  </datafield>
  <datafield tag="906" ind1=" " ind2=" ">
    <subfield code="a">oz20201006</subfield>
    <subfield code="b">lisi</subfield>
    <subfield code="c">Záhlaví - oprava data úmrtí, viz - nově, zdroj - formální oprava citace, další výskyt, biografická poznámka - odstranění podpole u, pole 368 - nově, pole 370 - doplnění, pole 372 - nově, pole 377 - nově</subfield>
  </datafield>
</record>