

<record>
  <leader>     cz  a22     n  4500</leader>
  <controlfield tag="001">xx0252427</controlfield>
  <controlfield tag="003">CZ PrNK</controlfield>
  <controlfield tag="005">20201008075022.0</controlfield>
  <controlfield tag="008">201006|n|aznnnaabn           n a|a      </controlfield>
  <datafield tag="024" ind1="7" ind2=" ">
    <subfield code="a">Q106697</subfield>
    <subfield code="2">wikidata</subfield>
  </datafield>
  <datafield tag="024" ind1="7" ind2=" ">
    <subfield code="a">0000000117816450</subfield>
    <subfield code="2">isni</subfield>
  </datafield>
  <datafield tag="040" ind1=" " ind2=" ">
    <subfield code="a">ABA010</subfield>
    <subfield code="b">cze</subfield>
    <subfield code="d">ABA001</subfield>
    <subfield code="e">rda</subfield>
  </datafield>
  <datafield tag="046" ind1=" " ind2=" ">
    <subfield code="f">1817</subfield>
    <subfield code="g">1900</subfield>
  </datafield>
  <datafield tag="100" ind1="1" ind2=" ">
    <subfield code="a">Jagor, Fedor,</subfield>
    <subfield code="d">1817-1900</subfield>
    <subfield code="7">xx0252427</subfield>
  </datafield>
  <datafield tag="MOR" ind1="0" ind2=" ">
    <subfield code="a">Jagor, Andreas Fedor,</subfield>
    <subfield code="d">1817-1900</subfield>
    <subfield code="7">xx0252427</subfield>
  </datafield>
  <datafield tag="370" ind1=" " ind2=" ">
    <subfield code="a">Berlín, Německo</subfield>
    <subfield code="b">Berlín, Německo</subfield>
    <subfield code="c">Německo</subfield>
  </datafield>
  <datafield tag="372" ind1=" " ind2=" ">
    <subfield code="a">etnologie</subfield>
    <subfield code="a">cestopisy</subfield>
    <subfield code="a">cestování</subfield>
  </datafield>
  <datafield tag="374" ind1=" " ind2=" ">
    <subfield code="a">etnologové</subfield>
    <subfield code="a">cestovatelé</subfield>
  </datafield>
  <datafield tag="375" ind1=" " ind2=" ">
    <subfield code="a">muž</subfield>
  </datafield>
  <datafield tag="377" ind1=" " ind2=" ">
    <subfield code="a">ger</subfield>
  </datafield>
  <datafield tag="400" ind1="1" ind2=" ">
    <subfield code="a">Jagor, Andreas Fedor,</subfield>
    <subfield code="d">1817-1900</subfield>
    <subfield code="0">o</subfield>
  </datafield>
  <datafield tag="400" ind1="1" ind2=" ">
    <subfield code="a">Jagor, Andreas Feodor,</subfield>
    <subfield code="d">1817-1900</subfield>
    <subfield code="0">o</subfield>
  </datafield>
  <datafield tag="400" ind1="1" ind2=" ">
    <subfield code="a">Jagor, F.,</subfield>
    <subfield code="d">1817-1900</subfield>
    <subfield code="0">o</subfield>
  </datafield>
  <datafield tag="400" ind1="1" ind2=" ">
    <subfield code="a">Jagor, Friedrich,</subfield>
    <subfield code="d">1817-1900</subfield>
    <subfield code="0">o</subfield>
  </datafield>
  <datafield tag="667" ind1=" " ind2=" ">
    <subfield code="a">Zdroj DNB uvádí jako další možný rok narození 1816, zdroj wikipedia uvádí datum narození 30. 11. 1816.</subfield>
  </datafield>
  <datafield tag="670" ind1=" " ind2=" ">
    <subfield code="a">Jagor, F.: Reisen in den Philippinen. Berlin: Weidmann, 1873</subfield>
  </datafield>
  <datafield tag="670" ind1=" " ind2=" ">
    <subfield code="a">DNB, cit. 8. 10. 2020</subfield>
    <subfield code="b">autoritní forma, odkazy viz, biografické údaje, životní data</subfield>
  </datafield>
  <datafield tag="670" ind1=" " ind2=" ">
    <subfield code="a">www(Wikipedia, die freie Enzyklopädie), cit. 8. 10. 2020</subfield>
    <subfield code="b">biografické údaje, místo narození a úmrtí, národnost</subfield>
    <subfield code="u">https://de.wikipedia.org/wiki/Fedor_Jagor</subfield>
  </datafield>
  <datafield tag="678" ind1="0" ind2=" ">
    <subfield code="a">Německý etnolog, přírodovědec a cestovatel; cesty do jižní a jihovýchodní Asie za účelem rozšíření muzejních sbírek (Museum für Naturkunde in Berlin). Od roku 1869 členem Berliner Gesellschaft für Anthropologie, Ethnologie und Urgeschichte.</subfield>
  </datafield>
  <datafield tag="856" ind1="4" ind2="2">
    <subfield code="3">provenience</subfield>
    <subfield code="u">http://provenio.net/media-viewer?rootDirectory=136682#!?file=183980</subfield>
    <subfield code="y">Rukopisná dedikace "a mon ami, M. Fedor Jagor, Louis Viardot".</subfield>
    <subfield code="4">N</subfield>
  </datafield>
  <datafield tag="906" ind1=" " ind2=" ">
    <subfield code="a">za20201006</subfield>
    <subfield code="b">xpaku</subfield>
  </datafield>
  <datafield tag="906" ind1=" " ind2=" ">
    <subfield code="a">oz20201008</subfield>
    <subfield code="b">lisi</subfield>
    <subfield code="c">Záhlaví - změna na viz, viz - nově, pole 024 - nově, pole 368 - zrušeno, pole 370 - oprava a doplnění, pole 372 - nově, pole 377 - nově, interní poznámka - nově, zdroj - další výskyt</subfield>
  </datafield>
</record>