

<record>
  <leader>     nz  a22     n  4500</leader>
  <datafield tag="900" ind1=" " ind2=" ">
    <subfield code="a">J-NÁVRH</subfield>
  </datafield>
  <controlfield tag="001">xx0252428</controlfield>
  <controlfield tag="003">CZ PrNK</controlfield>
  <controlfield tag="005">20201006110235.2</controlfield>
  <controlfield tag="008">201006|n|aznnnaabn           n a|a      </controlfield>
  <datafield tag="040" ind1=" " ind2=" ">
    <subfield code="a">ABA010</subfield>
    <subfield code="b">cze</subfield>
    <subfield code="e">rda</subfield>
  </datafield>
  <datafield tag="100" ind1="1" ind2=" ">
    <subfield code="a">Macháček, František,</subfield>
    <subfield code="d">1882-1945</subfield>
    <subfield code="7">xx0252428</subfield>
  </datafield>
  <datafield tag="368" ind1=" " ind2=" ">
    <subfield code="a">měšťanské knihovny</subfield>
  </datafield>
  <datafield tag="370" ind1=" " ind2=" ">
    <subfield code="f">Praha (Česko)</subfield>
  </datafield>
  <datafield tag="374" ind1=" " ind2=" ">
    <subfield code="a">lékaři</subfield>
  </datafield>
  <datafield tag="375" ind1=" " ind2=" ">
    <subfield code="a">muž</subfield>
  </datafield>
  <datafield tag="670" ind1=" " ind2=" ">
    <subfield code="a">Slavíček, Lubomír. "Sobě, umění, přátelům". Brno, 2007.</subfield>
  </datafield>
  <datafield tag="678" ind1="0" ind2=" ">
    <subfield code="a">Narozen 13. 12. 1882 ve Volyni, zemřel 26. 9. 1945 v Praze. Primář ústavu pro choromyslné v Bohnicích. Významný sběratel grafiky. Shromáždil bohatou uměleckohistorickou knihovnu doplněnou o bibliofilské tisky. Svou sbírku odkázal Národní galerii v Praze.</subfield>
    <subfield code="u">http://provenio.net/media-viewer?rootDirectory=136182#!?file=183532</subfield>
  </datafield>
  <datafield tag="856" ind1="4" ind2=" ">
    <subfield code="u">http://provenio.net/media-viewer?rootDirectory=136182#!?file=183533</subfield>
    <subfield code="y">Grafické heraldické exlibris s textem : Dr. Fr. Macháček ex-libris.</subfield>
    <subfield code="3">provenience</subfield>
  </datafield>
  <datafield tag="856" ind1="4" ind2=" ">
    <subfield code="u">https://ng.kpsys.cz/#!/</subfield>
    <subfield code="y">knihovna Národní galerie v Praze</subfield>
    <subfield code="3">zdroj</subfield>
  </datafield>
  <datafield tag="906" ind1=" " ind2=" ">
    <subfield code="a">za20201006</subfield>
    <subfield code="b">xpaku</subfield>
  </datafield>
</record>