

<record>
  <leader>     cz  a22     n  4500</leader>
  <controlfield tag="001">xx0252429</controlfield>
  <controlfield tag="003">CZ PrNK</controlfield>
  <controlfield tag="005">20201008073718.0</controlfield>
  <controlfield tag="008">201006|n|aznnnaabn           n a|a      </controlfield>
  <datafield tag="024" ind1="7" ind2=" ">
    <subfield code="a">Q1506633</subfield>
    <subfield code="2">wikidata</subfield>
  </datafield>
  <datafield tag="024" ind1="7" ind2=" ">
    <subfield code="a">0000000010671407</subfield>
    <subfield code="2">isni</subfield>
  </datafield>
  <datafield tag="040" ind1=" " ind2=" ">
    <subfield code="a">ABA010</subfield>
    <subfield code="b">cze</subfield>
    <subfield code="d">ABA013</subfield>
    <subfield code="d">ABA001</subfield>
    <subfield code="e">rda</subfield>
  </datafield>
  <datafield tag="046" ind1=" " ind2=" ">
    <subfield code="f">1788</subfield>
    <subfield code="g">1872</subfield>
  </datafield>
  <datafield tag="100" ind1="1" ind2=" ">
    <subfield code="a">Martens, Georg von,</subfield>
    <subfield code="d">1788-1872</subfield>
    <subfield code="7">xx0252429</subfield>
  </datafield>
  <datafield tag="MOR" ind1="0" ind2=" ">
    <subfield code="a">Martens, Georg Matthias von,</subfield>
    <subfield code="d">1788-1872</subfield>
    <subfield code="7">xx0252429</subfield>
  </datafield>
  <datafield tag="368" ind1=" " ind2=" ">
    <subfield code="d">Dr. H. C.</subfield>
    <subfield code="s">1863</subfield>
  </datafield>
  <datafield tag="370" ind1=" " ind2=" ">
    <subfield code="a">Benátky, Itálie</subfield>
    <subfield code="b">Stuttgart, Německo</subfield>
    <subfield code="c">Německo</subfield>
    <subfield code="f">Ulm, Německo</subfield>
    <subfield code="f">Stuttgart, Německo</subfield>
    <subfield code="f">Tübingen, Německo</subfield>
  </datafield>
  <datafield tag="372" ind1=" " ind2=" ">
    <subfield code="a">právo</subfield>
    <subfield code="a">botanika</subfield>
    <subfield code="a">flóra</subfield>
    <subfield code="a">zoologie</subfield>
    <subfield code="a">geografie</subfield>
    <subfield code="a">cestování</subfield>
  </datafield>
  <datafield tag="373" ind1=" " ind2=" ">
    <subfield code="a">Universität Tübingen</subfield>
  </datafield>
  <datafield tag="374" ind1=" " ind2=" ">
    <subfield code="a">přírodovědci</subfield>
    <subfield code="a">botanici</subfield>
    <subfield code="a">geografové</subfield>
    <subfield code="a">cestovatelé</subfield>
    <subfield code="a">právníci</subfield>
  </datafield>
  <datafield tag="375" ind1=" " ind2=" ">
    <subfield code="a">muž</subfield>
  </datafield>
  <datafield tag="377" ind1=" " ind2=" ">
    <subfield code="a">ger</subfield>
  </datafield>
  <datafield tag="400" ind1="1" ind2=" ">
    <subfield code="a">Martens, Georg Matthias von,</subfield>
    <subfield code="d">1788-1872</subfield>
    <subfield code="0">o</subfield>
  </datafield>
  <datafield tag="400" ind1="1" ind2=" ">
    <subfield code="a">Martens, Georg,</subfield>
    <subfield code="d">1788-1872</subfield>
    <subfield code="0">o</subfield>
  </datafield>
  <datafield tag="400" ind1="1" ind2=" ">
    <subfield code="a">Martens, Georg M. von,</subfield>
    <subfield code="d">1788-1872</subfield>
    <subfield code="0">o</subfield>
  </datafield>
  <datafield tag="400" ind1="1" ind2=" ">
    <subfield code="a">Martens, Georg v.,</subfield>
    <subfield code="d">1788-1872</subfield>
    <subfield code="0">o</subfield>
  </datafield>
  <datafield tag="400" ind1="1" ind2=" ">
    <subfield code="a">MARTENS, G.,</subfield>
    <subfield code="d">1788-1872</subfield>
    <subfield code="0">o</subfield>
  </datafield>
  <datafield tag="670" ind1=" " ind2=" ">
    <subfield code="a">Deutsche biographische Enzyklopädie. Band 6. München, 1999.</subfield>
    <subfield code="b">autoritní forma, bigrafické údaje</subfield>
  </datafield>
  <datafield tag="670" ind1=" " ind2=" ">
    <subfield code="a">Flora von Würtemberg. Von Gustav Schübler ... und Georg v. Martens ... Tübingen: bei C. F. Osiander, 1834</subfield>
    <subfield code="b">odkaz viz</subfield>
    <subfield code="u">http://bibdigital.rjb.csic.es/ing/Libro.php?Libro=2701</subfield>
  </datafield>
  <datafield tag="670" ind1=" " ind2=" ">
    <subfield code="a">www(Wikipedia, die freie Enzyklopädie), cit. 7. 10. 2020</subfield>
    <subfield code="b">místo narození a úmrtí, biografické a profesní údaje, národnost, odkaz viz</subfield>
    <subfield code="u">https://de.wikipedia.org/wiki/Georg_von_Martens</subfield>
  </datafield>
  <datafield tag="670" ind1=" " ind2=" ">
    <subfield code="a">DNB, cit. 7. 10. 2020</subfield>
    <subfield code="b">autoritní forma, odkazy viz, datum narození a úmrtí, biografické a profesní údaje</subfield>
    <subfield code="u">http://d-nb.info/gnd/116800763</subfield>
  </datafield>
  <datafield tag="678" ind1="0" ind2=" ">
    <subfield code="a">Německý právník, cestovatel a přírodovědec se zaměřením na botaniku a geografii. Vystudoval práva na Tübingenské univerzitě, navštěvoval ale i přednášky z přírodních věd, kterým se věnoval i v profesním životě. V botanice je znám pod zkráceným jménem "G.MARTENS". Jeho synem byl zoolog Eduard Martens (1831-1904). Jeho bratry byli generál a válečný spisovatel Carl von Martens (790-1861) a plukovník Christian von Martens (1793-1882). Práce z oboru, cestopisy.</subfield>
  </datafield>
  <datafield tag="856" ind1="4" ind2="2">
    <subfield code="u">http://provenio.net/media-viewer?rootDirectory=136428#!?file=183694</subfield>
    <subfield code="y">Rukopisné exlibris - podpis : Georg von Martens.</subfield>
    <subfield code="4">N</subfield>
  </datafield>
  <datafield tag="906" ind1=" " ind2=" ">
    <subfield code="a">za20201006</subfield>
    <subfield code="b">xpaku</subfield>
  </datafield>
  <datafield tag="906" ind1=" " ind2=" ">
    <subfield code="a">no20201007</subfield>
    <subfield code="b">evbr</subfield>
    <subfield code="c">Záhlaví - změna na viz, Pole 024 - nově, 368 - oprava, 370 - doplnění, 372 - nově, 373 - nově, 374 - doplnění, 377 - nově, Viz - nově, Zdroje - další výskyty, Biografická poznámka - reformulace a doplnění</subfield>
  </datafield>
  <datafield tag="906" ind1=" " ind2=" ">
    <subfield code="a">oz20201008</subfield>
    <subfield code="b">lisi</subfield>
    <subfield code="c">Pole 024 - nově</subfield>
  </datafield>
</record>