

<record>
  <leader>     cz  a22     n  4500</leader>
  <controlfield tag="001">xx0252430</controlfield>
  <controlfield tag="003">CZ PrNK</controlfield>
  <controlfield tag="005">20201008081101.0</controlfield>
  <controlfield tag="008">201006|n|aznnnaabn           n a|a      </controlfield>
  <datafield tag="040" ind1=" " ind2=" ">
    <subfield code="a">ABA010</subfield>
    <subfield code="b">cze</subfield>
    <subfield code="d">ABA001</subfield>
    <subfield code="e">rda</subfield>
  </datafield>
  <datafield tag="046" ind1=" " ind2=" ">
    <subfield code="f">1891</subfield>
    <subfield code="g">1938</subfield>
  </datafield>
  <datafield tag="100" ind1="1" ind2=" ">
    <subfield code="a">Schwabach, Erik-Ernst,</subfield>
    <subfield code="d">1891-1938</subfield>
    <subfield code="7">xx0252430</subfield>
  </datafield>
  <datafield tag="370" ind1=" " ind2=" ">
    <subfield code="b">Londýn, Anglie</subfield>
    <subfield code="c">Německo</subfield>
  </datafield>
  <datafield tag="372" ind1=" " ind2=" ">
    <subfield code="a">nakladatelství a vydavatelství</subfield>
    <subfield code="a">německá literatura</subfield>
    <subfield code="a">mecenášství</subfield>
  </datafield>
  <datafield tag="374" ind1=" " ind2=" ">
    <subfield code="a">nakladatelé a vydavatelé</subfield>
    <subfield code="a">spisovatelé</subfield>
    <subfield code="a">mecenáši</subfield>
  </datafield>
  <datafield tag="375" ind1=" " ind2=" ">
    <subfield code="a">muž</subfield>
  </datafield>
  <datafield tag="377" ind1=" " ind2=" ">
    <subfield code="a">ger</subfield>
  </datafield>
  <datafield tag="400" ind1="1" ind2=" ">
    <subfield code="a">Schwabach, Erich Ernst,</subfield>
    <subfield code="d">1891-1938</subfield>
    <subfield code="0">o</subfield>
  </datafield>
  <datafield tag="400" ind1="1" ind2=" ">
    <subfield code="a">Schwabach, Erik Ernst,</subfield>
    <subfield code="d">1891-1938</subfield>
    <subfield code="0">o</subfield>
  </datafield>
  <datafield tag="400" ind1="1" ind2=" ">
    <subfield code="a">Schwabach, Erik E.,</subfield>
    <subfield code="d">1891-1938</subfield>
    <subfield code="0">o</subfield>
  </datafield>
  <datafield tag="400" ind1="1" ind2=" ">
    <subfield code="w">r</subfield>
    <subfield code="i">Pseudonym:</subfield>
    <subfield code="a">Sylvester, Ernst,</subfield>
    <subfield code="d">1891-1938</subfield>
    <subfield code="0">o</subfield>
  </datafield>
  <datafield tag="667" ind1=" " ind2=" ">
    <subfield code="a">Zdroj DNB označuje jako místo narození Kronštadt v Rusku, zdroj wikipedia uvádí Brašov v Rumunsku.</subfield>
  </datafield>
  <datafield tag="670" ind1=" " ind2=" ">
    <subfield code="a">DNB, cit. 8. 10. 2020</subfield>
    <subfield code="b">autoritní forma, odkaz viz, data, bigrafické údaje</subfield>
    <subfield code="u">http://d-nb.info/gnd/117326909</subfield>
  </datafield>
  <datafield tag="670" ind1=" " ind2=" ">
    <subfield code="a">www(Wikipedia, die freie Enzyklopädie), cit. 8. 10. 2020</subfield>
    <subfield code="b">biografické údaje, národnost</subfield>
    <subfield code="u">https://de.wikipedia.org/wiki/Erik-Ernst_Schwabach</subfield>
  </datafield>
  <datafield tag="678" ind1="0" ind2=" ">
    <subfield code="a">Německý nakladatel, spisovatel a mecenáš. Podporovatel expresionismu. Pobýval a tvořil na zámku Ksiaz v Polsku (dříve Märzdorff). Od roku 1933 užíval pseudonym Ernst Sylvester.</subfield>
  </datafield>
  <datafield tag="856" ind1="4" ind2="2">
    <subfield code="3">provenience</subfield>
    <subfield code="u">http://provenio.net/media-viewer?rootDirectory=136448#!?file=183728</subfield>
    <subfield code="y">Grafické heraldické exlibris a textem : E. Schwabach-Märzdorff.</subfield>
    <subfield code="4">N</subfield>
  </datafield>
  <datafield tag="906" ind1=" " ind2=" ">
    <subfield code="a">za20201006</subfield>
    <subfield code="b">xpaku</subfield>
  </datafield>
  <datafield tag="906" ind1=" " ind2=" ">
    <subfield code="a">op20201008</subfield>
    <subfield code="b">lisi</subfield>
    <subfield code="c">Pole 368 - zrušeno, pole 370 - oprava a doplnění, pole 372 - nově, pole 374 - doplnění, pole 377 - nově, interní poznámka - nově, zdroj - další výskyt, formální oprava citace</subfield>
  </datafield>
</record>