

<record>
  <leader>     cz  a22     n  4500</leader>
  <controlfield tag="001">xx0252431</controlfield>
  <controlfield tag="003">CZ PrNK</controlfield>
  <controlfield tag="005">20201008082521.0</controlfield>
  <controlfield tag="008">201006|n|aznnnaabn           n a|a      </controlfield>
  <datafield tag="040" ind1=" " ind2=" ">
    <subfield code="a">ABA010</subfield>
    <subfield code="b">cze</subfield>
    <subfield code="d">ABA001</subfield>
    <subfield code="e">rda</subfield>
  </datafield>
  <datafield tag="046" ind1=" " ind2=" ">
    <subfield code="f">1839</subfield>
    <subfield code="g">1914</subfield>
  </datafield>
  <datafield tag="100" ind1="1" ind2=" ">
    <subfield code="a">Wibiral, Franz,</subfield>
    <subfield code="d">1839-1914</subfield>
    <subfield code="7">xx0252431</subfield>
  </datafield>
  <datafield tag="370" ind1=" " ind2=" ">
    <subfield code="a">Brno, Česko</subfield>
    <subfield code="b">Štýrský Hradec, Rakousko</subfield>
    <subfield code="c">Rakousko</subfield>
  </datafield>
  <datafield tag="372" ind1=" " ind2=" ">
    <subfield code="a">dějiny umění</subfield>
  </datafield>
  <datafield tag="374" ind1=" " ind2=" ">
    <subfield code="a">historici umění</subfield>
  </datafield>
  <datafield tag="375" ind1=" " ind2=" ">
    <subfield code="a">muž</subfield>
  </datafield>
  <datafield tag="377" ind1=" " ind2=" ">
    <subfield code="a">ger</subfield>
  </datafield>
  <datafield tag="400" ind1="1" ind2=" ">
    <subfield code="a">Wibiral, Fr.,</subfield>
    <subfield code="d">1839-1914</subfield>
    <subfield code="0">o</subfield>
  </datafield>
  <datafield tag="667" ind1=" " ind2=" ">
    <subfield code="a">Zdroj DNB autora spojuje v poli 370 též s Českem.</subfield>
  </datafield>
  <datafield tag="670" ind1=" " ind2=" ">
    <subfield code="a">Herzog August Bibliothek</subfield>
    <subfield code="u">http://opac.lbs-braunschweig.gbv.de/DB=2/LNG=EN/CLK?IKT=12&amp;TRM=574936580</subfield>
  </datafield>
  <datafield tag="670" ind1=" " ind2=" ">
    <subfield code="a">Wibiral, Fr.: L'iconographie d'Antoine van Dyck: d'après les recherches de H. Weber. Leipzig: [s.n.], 1877</subfield>
  </datafield>
  <datafield tag="670" ind1=" " ind2=" ">
    <subfield code="a">DNB, cit. 8. 10. 2020</subfield>
    <subfield code="b">autoritní forma, data, biografické údaje, místo narození a úmrtí, odkaz viz</subfield>
    <subfield code="u">http://d-nb.info/gnd/1026101603</subfield>
  </datafield>
  <datafield tag="678" ind1="0" ind2=" ">
    <subfield code="a">Rakouský historik umění. Publikace z oboru.</subfield>
  </datafield>
  <datafield tag="856" ind1="4" ind2="2">
    <subfield code="3">provenience</subfield>
    <subfield code="u">http://provenio.net/media-viewer?rootDirectory=136537#!?file=183805</subfield>
    <subfield code="y">Grafické emblematické exlibris s monogramem F.W.</subfield>
    <subfield code="4">N</subfield>
  </datafield>
  <datafield tag="906" ind1=" " ind2=" ">
    <subfield code="a">za20201006</subfield>
    <subfield code="b">xpaku</subfield>
  </datafield>
  <datafield tag="906" ind1=" " ind2=" ">
    <subfield code="a">op20201008</subfield>
    <subfield code="b">lisi</subfield>
    <subfield code="c">Viz - nově, pole 368 - zrušeno, pole 370 - oprava a doplnění, pole 372 - nově, pole 377 - nově, interní poznámka - nově, zdroj - další výskyt, formální oprava citace</subfield>
  </datafield>
</record>