

<record>
  <leader>     nz  a22     n  4500</leader>
  <controlfield tag="001">ge1088043</controlfield>
  <controlfield tag="003">CZ PrNK</controlfield>
  <controlfield tag="005">20201008095522.0</controlfield>
  <controlfield tag="008">201006|n|acznnbabn           n a|a      </controlfield>
  <datafield tag="034" ind1=" " ind2=" ">
    <subfield code="d">E016.0593</subfield>
    <subfield code="e">E016.0593</subfield>
    <subfield code="f">N050.1485</subfield>
    <subfield code="g">N050.1485</subfield>
  </datafield>
  <datafield tag="040" ind1=" " ind2=" ">
    <subfield code="a">HKA001</subfield>
    <subfield code="b">cze</subfield>
    <subfield code="d">ABA001</subfield>
  </datafield>
  <datafield tag="043" ind1=" " ind2=" ">
    <subfield code="a">e-xr---</subfield>
    <subfield code="b">e-xr-cc</subfield>
    <subfield code="2">czenas</subfield>
  </datafield>
  <datafield tag="080" ind1=" " ind2=" ">
    <subfield code="a">(437.31-18)</subfield>
    <subfield code="2">MRF_2014</subfield>
  </datafield>
  <datafield tag="151" ind1=" " ind2=" ">
    <subfield code="a">Poorlická naučná stezka (Česko)</subfield>
    <subfield code="7">ge1088043</subfield>
  </datafield>
  <datafield tag="551" ind1=" " ind2=" ">
    <subfield code="a">Štěpánovsko (Týniště nad Orlicí, Česko)</subfield>
    <subfield code="7">ge404453</subfield>
  </datafield>
  <datafield tag="670" ind1=" " ind2=" ">
    <subfield code="a">Kupčíková, Alžběta: Podél Orlice do skanzenu : pozvánka na procházku zajímavou krajinou podél řeky Orlice. In: Mladá fronta Dnes - Královéhradecké vydání. Roč. 20, č. 195 (20090821), s. B/4</subfield>
  </datafield>
  <datafield tag="678" ind1=" " ind2=" ">
    <subfield code="a">Naučná stezka je věnována krajině a přírodě v okolí řeky Orlice v oblasti mezi Týništěm nad Orlicí a Štěnkovem.</subfield>
  </datafield>
  <datafield tag="751" ind1="0" ind2="7">
    <subfield code="a">Poorlická naučná stezka (Czechia : education trail)</subfield>
    <subfield code="2">eczenas</subfield>
  </datafield>
  <datafield tag="856" ind1="4" ind2="2">
    <subfield code="u">https://www.hkregion.cz/dr-cs/100319-poorlicka-naucna-stezka.html</subfield>
    <subfield code="4">N</subfield>
  </datafield>
  <datafield tag="GPS" ind1=" " ind2=" ">
    <subfield code="a">50°8'54.6"N</subfield>
    <subfield code="c">16°3'33.3"E</subfield>
  </datafield>
  <datafield tag="956" ind1="4" ind2=" ">
    <subfield code="u">http://aleph.nkp.cz/aleph-cgi/show_map?ll=50.14850,16.05925&amp;z=12</subfield>
    <subfield code="y">Zobrazit na mapě</subfield>
    <subfield code="4">N</subfield>
  </datafield>
  <datafield tag="906" ind1=" " ind2=" ">
    <subfield code="a">za20201006</subfield>
    <subfield code="b">alhr</subfield>
  </datafield>
  <datafield tag="906" ind1=" " ind2=" ">
    <subfield code="a">wr20201008</subfield>
    <subfield code="b">napo</subfield>
  </datafield>
</record>