

<record>
  <leader>     nz  a22     n  4500</leader>
  <controlfield tag="001">ge1088054</controlfield>
  <controlfield tag="003">CZ PrNK</controlfield>
  <controlfield tag="005">20201008104254.0</controlfield>
  <controlfield tag="008">201006|n|acznnbabn           n a|a      </controlfield>
  <datafield tag="034" ind1=" " ind2=" ">
    <subfield code="d">E015.9163</subfield>
    <subfield code="e">E015.9163</subfield>
    <subfield code="f">N050.5590</subfield>
    <subfield code="g">N050.5590</subfield>
  </datafield>
  <datafield tag="040" ind1=" " ind2=" ">
    <subfield code="a">HKA001</subfield>
    <subfield code="b">cze</subfield>
    <subfield code="d">ABA001</subfield>
  </datafield>
  <datafield tag="043" ind1=" " ind2=" ">
    <subfield code="a">e-xr---</subfield>
    <subfield code="b">e-xr-cc</subfield>
    <subfield code="2">czenas</subfield>
  </datafield>
  <datafield tag="080" ind1=" " ind2=" ">
    <subfield code="a">(437.313)</subfield>
    <subfield code="2">MRF_2014</subfield>
  </datafield>
  <datafield tag="151" ind1=" " ind2=" ">
    <subfield code="a">Rýbrcoulova naučná stezka (Česko)</subfield>
    <subfield code="7">ge1088054</subfield>
  </datafield>
  <datafield tag="551" ind1=" " ind2=" ">
    <subfield code="a">Trutnov (Česko)</subfield>
    <subfield code="7">ge131132</subfield>
  </datafield>
  <datafield tag="670" ind1=" " ind2=" ">
    <subfield code="a">Rýbrcoul má naučnou stezku. In: Krkonošský deník. Č. 231 (201901005-20191006), s. 1, 3)</subfield>
  </datafield>
  <datafield tag="678" ind1=" " ind2=" ">
    <subfield code="a">Stezka je v Městském parku v Trutnově. Začíná u mateřské školy Na Struze, vrcholí na vyhlídce na Trutnov nad nemocnicí, má sedm zastavení s dřevěnými sochami a na konci vyřezanou postavu Rýbrcoula od dřevosochaře Petra Spurného z Mladých Buků.</subfield>
  </datafield>
  <datafield tag="751" ind1="0" ind2="7">
    <subfield code="a">Rýbrcoul education trail (Czechia)</subfield>
    <subfield code="2">eczenas</subfield>
  </datafield>
  <datafield tag="856" ind1="4" ind2="2">
    <subfield code="u">https://mapy.cz/zakladni?x=15.9141572&amp;y=50.5585172&amp;z=17&amp;source=firm&amp;id=1964939</subfield>
    <subfield code="4">N</subfield>
  </datafield>
  <datafield tag="GPS" ind1=" " ind2=" ">
    <subfield code="a">50°33'32.5"N</subfield>
    <subfield code="c">15°54'58.8"E</subfield>
  </datafield>
  <datafield tag="956" ind1="4" ind2=" ">
    <subfield code="u">http://aleph.nkp.cz/aleph-cgi/show_map?ll=50.55903,15.91633&amp;z=12</subfield>
    <subfield code="y">Zobrazit na mapě</subfield>
    <subfield code="4">N</subfield>
  </datafield>
  <datafield tag="906" ind1=" " ind2=" ">
    <subfield code="a">za20201006</subfield>
    <subfield code="b">alhr</subfield>
  </datafield>
  <datafield tag="906" ind1=" " ind2=" ">
    <subfield code="a">wr20201008</subfield>
    <subfield code="b">napo</subfield>
  </datafield>
</record>