

<record>
  <leader>     nz  a22     n  4500</leader>
  <controlfield tag="001">jo20201088059</controlfield>
  <controlfield tag="003">CZ PrNK</controlfield>
  <controlfield tag="005">20201006121747.0</controlfield>
  <controlfield tag="008">201006|n|aznnnaabn           n a|a      </controlfield>
  <datafield tag="040" ind1=" " ind2=" ">
    <subfield code="a">ABA001</subfield>
    <subfield code="b">cze</subfield>
    <subfield code="e">rda</subfield>
  </datafield>
  <datafield tag="100" ind1="1" ind2=" ">
    <subfield code="a">Ahuja, Amit</subfield>
    <subfield code="7">jo20201088059</subfield>
  </datafield>
  <datafield tag="370" ind1=" " ind2=" ">
    <subfield code="c">Indie</subfield>
    <subfield code="c">Velká Británie</subfield>
    <subfield code="c">Spojené státy americké</subfield>
    <subfield code="f">Dillí, Indie</subfield>
    <subfield code="f">Nové Dillí, Indie</subfield>
    <subfield code="f">Londýn, Anglie</subfield>
    <subfield code="f">Ann Arbor, Michigan</subfield>
    <subfield code="f">Santa Barbara, Kalifornie</subfield>
  </datafield>
  <datafield tag="372" ind1=" " ind2=" ">
    <subfield code="a">politologie</subfield>
    <subfield code="a">bezpečnostní výzkum</subfield>
    <subfield code="a">vládnutí</subfield>
    <subfield code="a">etnické vztahy</subfield>
    <subfield code="a">ekonomická bezpečnost</subfield>
    <subfield code="a">mnohonárodní státy</subfield>
  </datafield>
  <datafield tag="374" ind1=" " ind2=" ">
    <subfield code="a">vysokoškolští učitelé</subfield>
    <subfield code="a">politologové</subfield>
  </datafield>
  <datafield tag="375" ind1=" " ind2=" ">
    <subfield code="a">muž</subfield>
  </datafield>
  <datafield tag="377" ind1=" " ind2=" ">
    <subfield code="a">eng</subfield>
  </datafield>
  <datafield tag="670" ind1=" " ind2=" ">
    <subfield code="a">Ahuja, Amit: Mobilizing the marginalized :ethnic parties without ethnic movements, 2019</subfield>
  </datafield>
  <datafield tag="670" ind1=" " ind2=" ">
    <subfield code="a">LC (Names), cit. 6. 10. 2020</subfield>
    <subfield code="b">autoritní forma, biografické údaje</subfield>
  </datafield>
  <datafield tag="670" ind1=" " ind2=" ">
    <subfield code="a">www(Amit Ahuja - Department of Political Science - UC Santa Barbara), cit. 6. 10 . 2020</subfield>
    <subfield code="b">biografické údaje</subfield>
  </datafield>
  <datafield tag="670" ind1=" " ind2=" ">
    <subfield code="a">www(Amit Ahuja. In: LinkedIn.com), cit. 6. 10. 2020</subfield>
    <subfield code="b">biografické údaje</subfield>
  </datafield>
  <datafield tag="678" ind1="0" ind2=" ">
    <subfield code="a">Politolog, zaměřen na politické aspekty etnických vztahů, ekonomickou bezpečnost, politiku v oblasti jižní Asie. Studoval v Indii, žije a působí v USA.</subfield>
  </datafield>
  <datafield tag="906" ind1=" " ind2=" ">
    <subfield code="a">br20201006</subfield>
    <subfield code="b">kurd</subfield>
  </datafield>
</record>