

<record>
  <leader>     nz  a22     n  4500</leader>
  <controlfield tag="001">ge1088062</controlfield>
  <controlfield tag="003">CZ PrNK</controlfield>
  <controlfield tag="005">20201009135633.0</controlfield>
  <controlfield tag="008">201006|n|acznnbabn           n a|a      </controlfield>
  <datafield tag="034" ind1=" " ind2=" ">
    <subfield code="d">E015.8220</subfield>
    <subfield code="e">E015.8220</subfield>
    <subfield code="f">N050.7455</subfield>
    <subfield code="g">N050.7455</subfield>
  </datafield>
  <datafield tag="040" ind1=" " ind2=" ">
    <subfield code="a">HKA001</subfield>
    <subfield code="b">cze</subfield>
    <subfield code="d">ABA001</subfield>
  </datafield>
  <datafield tag="043" ind1=" " ind2=" ">
    <subfield code="a">e-pl---</subfield>
    <subfield code="a">e-xr---</subfield>
    <subfield code="b">e-xr-cc</subfield>
    <subfield code="2">czenas</subfield>
  </datafield>
  <datafield tag="080" ind1=" " ind2=" ">
    <subfield code="a">(437.31-17)</subfield>
    <subfield code="2">MRF_2014</subfield>
  </datafield>
  <datafield tag="151" ind1=" " ind2=" ">
    <subfield code="a">Krkonošská pivní stezka (Česko)</subfield>
    <subfield code="7">ge1088062</subfield>
  </datafield>
  <datafield tag="551" ind1=" " ind2=" ">
    <subfield code="a">Horní Malá Úpa (Malá Úpa, Česko)</subfield>
    <subfield code="7">ge565429</subfield>
  </datafield>
  <datafield tag="551" ind1=" " ind2=" ">
    <subfield code="a">Krkonoše (Česko a Polsko : pohoří)</subfield>
    <subfield code="7">ge134289</subfield>
  </datafield>
  <datafield tag="551" ind1=" " ind2=" ">
    <subfield code="a">Vrchlabí (Česko : oblast)</subfield>
    <subfield code="7">ge296304</subfield>
  </datafield>
  <datafield tag="670" ind1=" " ind2=" ">
    <subfield code="a">Kotalová, Jana: Vrátili se k tradici. Vaří pivo. In: Krkonošský deník. Č. 267 (20191118), s. 1, 3</subfield>
  </datafield>
  <datafield tag="678" ind1=" " ind2=" ">
    <subfield code="a">Sportovně gastronomická pivní stezka má dvě trasy, kde lze ochutnat unikátní piva z malých lokálních pivovarů. Vedou z pivovaru Trautenberk v Horní Malé Úpě do pivovaru Pivovarská Bašta (Medvěd) ve Vrchlabí.</subfield>
  </datafield>
  <datafield tag="751" ind1="0" ind2="7">
    <subfield code="a">Krkonoše Beer trail (Czechia)</subfield>
    <subfield code="2">eczenas</subfield>
  </datafield>
  <datafield tag="856" ind1="4" ind2="2">
    <subfield code="u">https://krkonosskapivnistezka.cz/trasa</subfield>
    <subfield code="4">N</subfield>
  </datafield>
  <datafield tag="GPS" ind1=" " ind2=" ">
    <subfield code="a">50°44'43.9"N</subfield>
    <subfield code="c">15°49'19.3"E</subfield>
  </datafield>
  <datafield tag="956" ind1="4" ind2=" ">
    <subfield code="u">http://aleph.nkp.cz/aleph-cgi/show_map?ll=50.74553,15.82203&amp;z=12</subfield>
    <subfield code="y">Zobrazit na mapě</subfield>
    <subfield code="4">N</subfield>
  </datafield>
  <datafield tag="906" ind1=" " ind2=" ">
    <subfield code="a">za20201006</subfield>
    <subfield code="b">alhr</subfield>
  </datafield>
  <datafield tag="906" ind1=" " ind2=" ">
    <subfield code="a">wr20201009</subfield>
    <subfield code="b">napo</subfield>
  </datafield>
</record>