

<record>
  <leader>     nz  a22     n  4500</leader>
  <controlfield tag="001">ge1088074</controlfield>
  <controlfield tag="003">CZ PrNK</controlfield>
  <controlfield tag="005">20201007151857.0</controlfield>
  <controlfield tag="008">201006|n|azznnbabn           n a|a      </controlfield>
  <datafield tag="040" ind1=" " ind2=" ">
    <subfield code="a">OLA001</subfield>
    <subfield code="b">cze</subfield>
    <subfield code="d">ABA001</subfield>
    <subfield code="e">rda</subfield>
  </datafield>
  <datafield tag="043" ind1=" " ind2=" ">
    <subfield code="a">ec-----</subfield>
  </datafield>
  <datafield tag="080" ind1=" " ind2=" ">
    <subfield code="a">(4-191.2)</subfield>
    <subfield code="2">MRF_2014</subfield>
  </datafield>
  <datafield tag="151" ind1=" " ind2=" ">
    <subfield code="a">Kojetín-Český Těšín-Cieszyn-Bielsko-Biała (železniční trať)</subfield>
    <subfield code="7">ge1088074</subfield>
  </datafield>
  <datafield tag="451" ind1=" " ind2=" ">
    <subfield code="a">Bielsko-Biała-Cieszyn-Český Těšín-Kojetín (železniční trať)</subfield>
    <subfield code="0">o</subfield>
  </datafield>
  <datafield tag="551" ind1=" " ind2=" ">
    <subfield code="w">h</subfield>
    <subfield code="a">Bielsko-Biała-Cieszyn-Český Těšín (železniční trať)</subfield>
    <subfield code="7">ge1086882</subfield>
  </datafield>
  <datafield tag="551" ind1=" " ind2=" ">
    <subfield code="w">h</subfield>
    <subfield code="a">Kroměříž-Bystřice pod Hostýnem (Česko : železniční trať)</subfield>
    <subfield code="7">ge1078023</subfield>
  </datafield>
  <datafield tag="551" ind1=" " ind2=" ">
    <subfield code="w">h</subfield>
    <subfield code="a">Český Těšín-Frýdek-Místek (Česko : železniční trať)</subfield>
    <subfield code="7">ge1086881</subfield>
  </datafield>
  <datafield tag="670" ind1=" " ind2=" ">
    <subfield code="a">Hermann, V., Sládek, P. a Zeman, J.: Dráha moravskoslezských měst, Kojetín - Těšín - Bílsko. Ostrava, 2020</subfield>
  </datafield>
  <datafield tag="670" ind1=" " ind2=" ">
    <subfield code="a">www (Koleje Śląska Cieszyńskiego)</subfield>
  </datafield>
  <datafield tag="678" ind1=" " ind2=" ">
    <subfield code="a">Železniční trať.</subfield>
  </datafield>
  <datafield tag="751" ind1="0" ind2="7">
    <subfield code="a">Kojetín-Český Těšín-Cieszyn-Bielsko-Biała (railroad line)</subfield>
    <subfield code="2">eczenas</subfield>
  </datafield>
  <datafield tag="856" ind1="4" ind2="2">
    <subfield code="u">https://kolejcieszyn.pl/index.php?s=120lat</subfield>
    <subfield code="4">N</subfield>
  </datafield>
  <datafield tag="906" ind1=" " ind2=" ">
    <subfield code="a">za20201006</subfield>
    <subfield code="b">marm</subfield>
  </datafield>
  <datafield tag="906" ind1=" " ind2=" ">
    <subfield code="a">wr20201007</subfield>
    <subfield code="b">napo</subfield>
  </datafield>
</record>