

<record>
  <leader>     nz  a22     n  4500</leader>
  <controlfield tag="001">ge1088090</controlfield>
  <controlfield tag="003">CZ PrNK</controlfield>
  <controlfield tag="005">20201006212529.0</controlfield>
  <controlfield tag="008">201006|n|acznnaabn           n a|a      </controlfield>
  <datafield tag="034" ind1=" " ind2=" ">
    <subfield code="d">E008.6047</subfield>
    <subfield code="e">E008.6047</subfield>
    <subfield code="f">N050.2431</subfield>
    <subfield code="g">N050.2431</subfield>
  </datafield>
  <datafield tag="040" ind1=" " ind2=" ">
    <subfield code="a">ABA001</subfield>
    <subfield code="b">cze</subfield>
  </datafield>
  <datafield tag="043" ind1=" " ind2=" ">
    <subfield code="a">e-gx---</subfield>
  </datafield>
  <datafield tag="080" ind1=" " ind2=" ">
    <subfield code="a">(430.121)</subfield>
    <subfield code="2">MRF_2014</subfield>
  </datafield>
  <datafield tag="151" ind1=" " ind2=" ">
    <subfield code="a">Kirdorf (Bad Homburg, Německo)</subfield>
    <subfield code="7">ge1088090</subfield>
  </datafield>
  <datafield tag="550" ind1=" " ind2=" ">
    <subfield code="a">bitva u Kirdorfu (1621 : Kirdorf, Bad Homburg, Německo)</subfield>
    <subfield code="7">ph549713</subfield>
  </datafield>
  <datafield tag="551" ind1=" " ind2=" ">
    <subfield code="w">g</subfield>
    <subfield code="a">Bad Homburg (Německo)</subfield>
    <subfield code="7">ge191098</subfield>
  </datafield>
  <datafield tag="670" ind1=" " ind2=" ">
    <subfield code="a">www(Wikipedia, die freie Enzyklopädie), cit. 6. 10. 2020</subfield>
  </datafield>
  <datafield tag="670" ind1=" " ind2=" ">
    <subfield code="a">www(Getty), cit. 6. 10. 2020</subfield>
  </datafield>
  <datafield tag="678" ind1=" " ind2=" ">
    <subfield code="a">Část města Bad Homburg ve spolkové zemi Hesensko ve vládním obvodu Darmstadt.</subfield>
  </datafield>
  <datafield tag="751" ind1="0" ind2="7">
    <subfield code="a">Kirdorf (Bad Homburg, Germany)</subfield>
    <subfield code="2">eczenas</subfield>
  </datafield>
  <datafield tag="856" ind1="4" ind2="2">
    <subfield code="u">https://de.wikipedia.org/wiki/Kirdorf</subfield>
    <subfield code="4">N</subfield>
  </datafield>
  <datafield tag="GPS" ind1=" " ind2=" ">
    <subfield code="a">50°14'35.1"N</subfield>
    <subfield code="c">8°36'16.9"E</subfield>
  </datafield>
  <datafield tag="956" ind1="4" ind2=" ">
    <subfield code="u">http://aleph.nkp.cz/aleph-cgi/show_map?ll=50.24308,8.60469&amp;z=12</subfield>
    <subfield code="y">Zobrazit na mapě</subfield>
    <subfield code="4">N</subfield>
  </datafield>
  <datafield tag="906" ind1=" " ind2=" ">
    <subfield code="a">wp20201006</subfield>
    <subfield code="b">mase</subfield>
  </datafield>
  <datafield tag="950" ind1="1" ind2=" ">
    <subfield code="a">správní celek</subfield>
  </datafield>
</record>