

<record>
  <leader>     nz  a22     n  4500</leader>
  <controlfield tag="001">kv20201088100</controlfield>
  <controlfield tag="003">CZ PrNK</controlfield>
  <controlfield tag="005">20201007081609.0</controlfield>
  <controlfield tag="008">201006|n|aznnnaabn           n a|a      </controlfield>
  <datafield tag="040" ind1=" " ind2=" ">
    <subfield code="a">KVG001</subfield>
    <subfield code="b">cze</subfield>
    <subfield code="d">ABA001</subfield>
    <subfield code="e">rda</subfield>
  </datafield>
  <datafield tag="110" ind1="2" ind2=" ">
    <subfield code="a">Krav Maga Club</subfield>
    <subfield code="7">kv20201088100</subfield>
  </datafield>
  <datafield tag="368" ind1=" " ind2=" ">
    <subfield code="a">sportovní kluby</subfield>
  </datafield>
  <datafield tag="370" ind1=" " ind2=" ">
    <subfield code="c">Česko</subfield>
    <subfield code="e">Karlovvy Vary, Česko</subfield>
  </datafield>
  <datafield tag="372" ind1=" " ind2=" ">
    <subfield code="a">Krav Maga</subfield>
    <subfield code="a">bojová umění</subfield>
    <subfield code="a">sebeobrana</subfield>
  </datafield>
  <datafield tag="377" ind1=" " ind2=" ">
    <subfield code="a">cze</subfield>
  </datafield>
  <datafield tag="410" ind1="2" ind2=" ">
    <subfield code="a">Krav Maga Club - reálná sebeobrana Karlovarský kraj</subfield>
    <subfield code="0">o</subfield>
  </datafield>
  <datafield tag="670" ind1=" " ind2=" ">
    <subfield code="a">Cichocki, R.: Kynologové navštívili táborníky na ranči . In: Sokolovský deník. Č. 200 (20200827), s. 3</subfield>
  </datafield>
  <datafield tag="670" ind1=" " ind2=" ">
    <subfield code="a">www (Krav Maga Club), cit. 6. 10. 2020</subfield>
    <subfield code="u">http://www.kravmagaclub.cz/</subfield>
  </datafield>
  <datafield tag="678" ind1=" " ind2=" ">
    <subfield code="a">Od roku 2014 vyučuje Krav Maga Club izraelský sebeobranný systém Krav Maga a zaměřuje se na výuku v Karlovarském kraji.</subfield>
  </datafield>
  <datafield tag="906" ind1=" " ind2=" ">
    <subfield code="a">za20201006</subfield>
    <subfield code="b">idus</subfield>
  </datafield>
  <datafield tag="906" ind1=" " ind2=" ">
    <subfield code="a">vr20201007</subfield>
    <subfield code="b">svsv</subfield>
  </datafield>
</record>