

<record>
  <leader>     nz  a22     n  4500</leader>
  <controlfield tag="001">jo20201088103</controlfield>
  <controlfield tag="003">CZ PrNK</controlfield>
  <controlfield tag="005">20201006142610.0</controlfield>
  <controlfield tag="008">201006|n|aznnnaabn           n a|a      </controlfield>
  <datafield tag="040" ind1=" " ind2=" ">
    <subfield code="a">ABA001</subfield>
    <subfield code="b">cze</subfield>
    <subfield code="e">rda</subfield>
  </datafield>
  <datafield tag="100" ind1="1" ind2=" ">
    <subfield code="a">Higbie, Frank Tobias</subfield>
    <subfield code="7">jo20201088103</subfield>
  </datafield>
  <datafield tag="370" ind1=" " ind2=" ">
    <subfield code="c">Spojené státy americké</subfield>
    <subfield code="f">Los Angeles, Kalifornie</subfield>
    <subfield code="f">Illinois</subfield>
    <subfield code="f">Chicago, Illinois</subfield>
  </datafield>
  <datafield tag="372" ind1=" " ind2=" ">
    <subfield code="a">dějiny</subfield>
    <subfield code="a">práce</subfield>
    <subfield code="a">zaměstnanost</subfield>
    <subfield code="a">sociální hnutí</subfield>
    <subfield code="a">digital humanities</subfield>
  </datafield>
  <datafield tag="374" ind1=" " ind2=" ">
    <subfield code="a">historici</subfield>
    <subfield code="a">vysokoškolští učitelé</subfield>
  </datafield>
  <datafield tag="375" ind1=" " ind2=" ">
    <subfield code="a">muž</subfield>
  </datafield>
  <datafield tag="377" ind1=" " ind2=" ">
    <subfield code="a">eng</subfield>
  </datafield>
  <datafield tag="400" ind1="1" ind2=" ">
    <subfield code="a">Higbie, Tobias</subfield>
    <subfield code="0">o</subfield>
  </datafield>
  <datafield tag="400" ind1="1" ind2=" ">
    <subfield code="a">Higbie, Toby</subfield>
    <subfield code="0">o</subfield>
  </datafield>
  <datafield tag="670" ind1=" " ind2=" ">
    <subfield code="a">Higbie, Tobias: Labor's mind :a history of working-class intellectual life, 2019</subfield>
    <subfield code="b">odkaz viz 1</subfield>
  </datafield>
  <datafield tag="670" ind1=" " ind2=" ">
    <subfield code="a">LC (Names), cit. 6. 10. 2020</subfield>
    <subfield code="b">autoritní forma, biografické údaje</subfield>
  </datafield>
  <datafield tag="670" ind1=" " ind2=" ">
    <subfield code="a">www(UCLA History - Toby Higbie), cit. 6. 10. 2020</subfield>
    <subfield code="b">odkaz viz 2, biografické údaje</subfield>
  </datafield>
  <datafield tag="678" ind1="0" ind2=" ">
    <subfield code="a">Historik, vysokoškolský pedagog, zaměřen na historii USA, historii pracovních a sociálních hnutí, historii migrace, a výzkum v oblasti digital humanities. Předseda meziresortního studijního programu Labor Studies a náměstek ředitele Institutu pro výzkum práce a zaměstnanosti.</subfield>
  </datafield>
  <datafield tag="906" ind1=" " ind2=" ">
    <subfield code="a">br20201006</subfield>
    <subfield code="b">kurd</subfield>
  </datafield>
</record>