

<record>
  <leader>     cz  a22     n  4500</leader>
  <controlfield tag="001">mub20201088107</controlfield>
  <controlfield tag="003">CZ PrNK</controlfield>
  <controlfield tag="005">20201007090855.0</controlfield>
  <controlfield tag="008">201006|n|aznnnaabn           n a|a      </controlfield>
  <datafield tag="040" ind1=" " ind2=" ">
    <subfield code="a">BOD018</subfield>
    <subfield code="b">cze</subfield>
    <subfield code="d">ABA001</subfield>
    <subfield code="e">rda</subfield>
  </datafield>
  <datafield tag="046" ind1=" " ind2=" ">
    <subfield code="f">1947</subfield>
  </datafield>
  <datafield tag="100" ind1="1" ind2=" ">
    <subfield code="a">Sejnowski, Terrence J.</subfield>
    <subfield code="q">(Terrence Joseph),</subfield>
    <subfield code="d">1947-</subfield>
    <subfield code="7">mub20201088107</subfield>
  </datafield>
  <datafield tag="MOR" ind1="0" ind2=" ">
    <subfield code="a">Sejnowski, Terrence J.,</subfield>
    <subfield code="q">(Terrence Joseph),</subfield>
    <subfield code="d">1947-</subfield>
    <subfield code="7">mub20201088107</subfield>
  </datafield>
  <datafield tag="370" ind1=" " ind2=" ">
    <subfield code="a">Cleveland, Ohio</subfield>
    <subfield code="c">Spojené státy americké</subfield>
  </datafield>
  <datafield tag="372" ind1=" " ind2=" ">
    <subfield code="a">biologie</subfield>
    <subfield code="a">neurovědy</subfield>
    <subfield code="a">psychologie</subfield>
    <subfield code="a">kognitivní věda</subfield>
    <subfield code="a">výpočetní technika</subfield>
  </datafield>
  <datafield tag="374" ind1=" " ind2=" ">
    <subfield code="a">vysokoškolští učitelé</subfield>
    <subfield code="a">biologové</subfield>
    <subfield code="a">neurovědci</subfield>
    <subfield code="a">informatici</subfield>
    <subfield code="a">informační vědci</subfield>
    <subfield code="a">počítačoví vědci</subfield>
  </datafield>
  <datafield tag="375" ind1=" " ind2=" ">
    <subfield code="a">muž</subfield>
  </datafield>
  <datafield tag="377" ind1=" " ind2=" ">
    <subfield code="a">eng</subfield>
  </datafield>
  <datafield tag="400" ind1="1" ind2=" ">
    <subfield code="a">Sejnowski, Terry,</subfield>
    <subfield code="d">1947-</subfield>
    <subfield code="0">o</subfield>
  </datafield>
  <datafield tag="670" ind1=" " ind2=" ">
    <subfield code="a">Sejnowski, Terrence J.: The deep learning revolution, 2018</subfield>
  </datafield>
  <datafield tag="670" ind1=" " ind2=" ">
    <subfield code="a">LC (Names), cit. 6. 10. 2020</subfield>
    <subfield code="b">autoritní forma, odkaz viz</subfield>
  </datafield>
  <datafield tag="670" ind1=" " ind2=" ">
    <subfield code="a">www(Wikipedia, the free encyclopedia), cit. 6. 10. 2020</subfield>
    <subfield code="b">biografické údaje, datum narození</subfield>
    <subfield code="u">https://en.wikipedia.org/wiki/Terry_Sejnowski</subfield>
  </datafield>
  <datafield tag="678" ind1="0" ind2=" ">
    <subfield code="a">Americký vysokoškolský profesor biologie, neurovědy, kognitivních věd, výpočetní techniky a inženýrství, odborník na teoretickou a výpočetní biologii.</subfield>
  </datafield>
  <datafield tag="906" ind1=" " ind2=" ">
    <subfield code="a">za20201006</subfield>
    <subfield code="b">vesela</subfield>
  </datafield>
  <datafield tag="906" ind1=" " ind2=" ">
    <subfield code="a">ko20201006</subfield>
    <subfield code="b">pospel</subfield>
    <subfield code="c">Zdroj - oprava</subfield>
  </datafield>
  <datafield tag="906" ind1=" " ind2=" ">
    <subfield code="a">oz20201007</subfield>
    <subfield code="b">maku</subfield>
    <subfield code="c">Záhlaví - oprava interpunkce, 372, 374 - oprava</subfield>
  </datafield>
</record>