

<record>
  <leader>     cz  a22     n  4500</leader>
  <controlfield tag="001">kv20201088121</controlfield>
  <controlfield tag="003">CZ PrNK</controlfield>
  <controlfield tag="005">20201007081727.0</controlfield>
  <controlfield tag="008">201006|n|aznnnaabn           n a|a      </controlfield>
  <datafield tag="040" ind1=" " ind2=" ">
    <subfield code="a">KVG001</subfield>
    <subfield code="b">cze</subfield>
    <subfield code="d">ABA001</subfield>
    <subfield code="e">rda</subfield>
  </datafield>
  <datafield tag="110" ind1="2" ind2=" ">
    <subfield code="a">BeachCamp (ubytovací zařízení : Nová Role, Česko)</subfield>
    <subfield code="7">kv20201088121</subfield>
  </datafield>
  <datafield tag="MOR" ind1="1" ind2=" ">
    <subfield code="a">BeachCamp (Nová Role, Česko)</subfield>
    <subfield code="7">kv20201088121</subfield>
  </datafield>
  <datafield tag="368" ind1=" " ind2=" ">
    <subfield code="a">ubytovací zařízení</subfield>
  </datafield>
  <datafield tag="370" ind1=" " ind2=" ">
    <subfield code="c">Česko</subfield>
    <subfield code="e">Nová Role, Česko</subfield>
  </datafield>
  <datafield tag="372" ind1=" " ind2=" ">
    <subfield code="a">kempinky</subfield>
    <subfield code="a">chaty</subfield>
    <subfield code="a">rekreační zařízení</subfield>
  </datafield>
  <datafield tag="377" ind1=" " ind2=" ">
    <subfield code="a">cze</subfield>
  </datafield>
  <datafield tag="410" ind1="2" ind2=" ">
    <subfield code="a">BeachCamp Nová Role (ubytovací zařízení)</subfield>
    <subfield code="0">o</subfield>
  </datafield>
  <datafield tag="670" ind1=" " ind2=" ">
    <subfield code="a">Kopecká, J.: BeachCamp v Nové Roli vyhledávají muzikanti i běžkaři. In: Karlovarský deník. Č. 195 (20200821), s. 3</subfield>
  </datafield>
  <datafield tag="670" ind1=" " ind2=" ">
    <subfield code="a">www (BeachCamp), cit. 6. 10. 2020</subfield>
    <subfield code="u">https://www.beachcamp.cz/cs/</subfield>
  </datafield>
  <datafield tag="678" ind1=" " ind2=" ">
    <subfield code="a">Celoroční ubytovací zařízení na pláži koupaliště v Nové Roli na Karlovarsku.</subfield>
  </datafield>
  <datafield tag="906" ind1=" " ind2=" ">
    <subfield code="a">za20201006</subfield>
    <subfield code="b">idus</subfield>
  </datafield>
  <datafield tag="906" ind1=" " ind2=" ">
    <subfield code="a">oz20201007</subfield>
    <subfield code="b">svsv</subfield>
    <subfield code="c">Záhlaví - oprava; Viz - oprava</subfield>
  </datafield>
</record>