

<record>
  <leader>     nz  a22     n  4500</leader>
  <controlfield tag="001">jo20201088126</controlfield>
  <controlfield tag="003">CZ PrNK</controlfield>
  <controlfield tag="005">20201006150558.0</controlfield>
  <controlfield tag="008">201006|n|aznnnaabn           n a|a      </controlfield>
  <datafield tag="040" ind1=" " ind2=" ">
    <subfield code="a">ABA001</subfield>
    <subfield code="b">cze</subfield>
    <subfield code="e">rda</subfield>
  </datafield>
  <datafield tag="046" ind1=" " ind2=" ">
    <subfield code="f">1975</subfield>
  </datafield>
  <datafield tag="100" ind1="1" ind2=" ">
    <subfield code="a">Akın, Yiğit,</subfield>
    <subfield code="d">1975-</subfield>
    <subfield code="7">jo20201088126</subfield>
  </datafield>
  <datafield tag="370" ind1=" " ind2=" ">
    <subfield code="a">Izmir, Turecko</subfield>
    <subfield code="c">Spojené státy americké</subfield>
    <subfield code="c">Turecko</subfield>
    <subfield code="f">Louisiana</subfield>
    <subfield code="f">Ohio</subfield>
  </datafield>
  <datafield tag="372" ind1=" " ind2=" ">
    <subfield code="a">dějiny</subfield>
    <subfield code="a">první světová válka (1914-1918)</subfield>
    <subfield code="a">války</subfield>
    <subfield code="a">nacionalismus</subfield>
    <subfield code="a">sociální hnutí</subfield>
  </datafield>
  <datafield tag="374" ind1=" " ind2=" ">
    <subfield code="a">historici</subfield>
    <subfield code="a">vysokoškolští učitelé</subfield>
  </datafield>
  <datafield tag="375" ind1=" " ind2=" ">
    <subfield code="a">muž</subfield>
  </datafield>
  <datafield tag="377" ind1=" " ind2=" ">
    <subfield code="a">eng</subfield>
    <subfield code="a">tur</subfield>
  </datafield>
  <datafield tag="670" ind1=" " ind2=" ">
    <subfield code="a">Akın, Yiğit: When the war came home :the Ottomans' Great War and the devastation of an empire, 2018</subfield>
  </datafield>
  <datafield tag="670" ind1=" " ind2=" ">
    <subfield code="a">www(Yiğit Akin - Department of History - OSU), cit. 6. 10. 2020</subfield>
    <subfield code="b">biografické údaje</subfield>
  </datafield>
  <datafield tag="670" ind1=" " ind2=" ">
    <subfield code="a">LC (Names), cit. 6. 10. 2020</subfield>
    <subfield code="b">autoritní forma, datum narození, biografické údaje</subfield>
  </datafield>
  <datafield tag="678" ind1="0" ind2=" ">
    <subfield code="a">Historik, vysokoškolský pedagog, zaměřen na historii moderního Středního východu, sociální a kulturní dějiny pozdní osmanské říše a raného Turecka. Specialista na první světovou válku a její následky, válku a společnost, nacionalismus a sociální hnutí. Narozen v Turecku, působí v USA.</subfield>
  </datafield>
  <datafield tag="906" ind1=" " ind2=" ">
    <subfield code="a">br20201006</subfield>
    <subfield code="b">kurd</subfield>
  </datafield>
</record>