

<record>
  <leader>     nz  a22     n  4500</leader>
  <datafield tag="900" ind1=" " ind2=" ">
    <subfield code="a">J-NÁVRH-STT</subfield>
  </datafield>
  <controlfield tag="001">ntk20201088128</controlfield>
  <controlfield tag="003">CZ PrNK</controlfield>
  <controlfield tag="005">20201006192815.0</controlfield>
  <controlfield tag="008">201006|n|aznnnaabn           n a|a      </controlfield>
  <datafield tag="024" ind1="7" ind2=" ">
    <subfield code="a">0000000028815595</subfield>
    <subfield code="2">isni</subfield>
  </datafield>
  <datafield tag="024" ind1="7" ind2=" ">
    <subfield code="a">Q213610</subfield>
    <subfield code="2">wikidata</subfield>
  </datafield>
  <datafield tag="040" ind1=" " ind2=" ">
    <subfield code="a">ABA013</subfield>
    <subfield code="b">cze</subfield>
    <subfield code="e">rda</subfield>
  </datafield>
  <datafield tag="046" ind1=" " ind2=" ">
    <subfield code="f">1719</subfield>
    <subfield code="g">1790</subfield>
  </datafield>
  <datafield tag="100" ind1="0" ind2=" ">
    <subfield code="a">Ludvík</subfield>
    <subfield code="b">IX.,</subfield>
    <subfield code="c">hesensko-darmstadtský lankrabě,</subfield>
    <subfield code="d">1719-1790</subfield>
    <subfield code="7">ntk20201088128</subfield>
  </datafield>
  <datafield tag="368" ind1=" " ind2=" ">
    <subfield code="d">Landgraf von Hessen-Darmstadt</subfield>
    <subfield code="s">1768</subfield>
    <subfield code="t">1790</subfield>
  </datafield>
  <datafield tag="368" ind1=" " ind2=" ">
    <subfield code="d">Graf von Hanau-Lichtenberg</subfield>
    <subfield code="s">1736</subfield>
    <subfield code="t">1790</subfield>
  </datafield>
  <datafield tag="370" ind1=" " ind2=" ">
    <subfield code="a">Darmstadt, Německo</subfield>
    <subfield code="b">Pirmasens, Německo</subfield>
    <subfield code="c">Německo</subfield>
    <subfield code="f">Pirmasens, Německo</subfield>
    <subfield code="f">Darmstadt, Německo</subfield>
    <subfield code="f">Hesensko, Německo</subfield>
  </datafield>
  <datafield tag="372" ind1=" " ind2=" ">
    <subfield code="a">státní správa</subfield>
    <subfield code="a">politika</subfield>
    <subfield code="a">vládnutí</subfield>
    <subfield code="a">vojenská služba</subfield>
    <subfield code="a">vojenské pochody</subfield>
  </datafield>
  <datafield tag="374" ind1=" " ind2=" ">
    <subfield code="a">šlechtici</subfield>
    <subfield code="a">panovníci</subfield>
    <subfield code="a">politici</subfield>
    <subfield code="a">vojáci</subfield>
    <subfield code="a">hudební skladatelé</subfield>
  </datafield>
  <datafield tag="375" ind1=" " ind2=" ">
    <subfield code="a">muž</subfield>
  </datafield>
  <datafield tag="377" ind1=" " ind2=" ">
    <subfield code="a">ger</subfield>
    <subfield code="a">lat</subfield>
  </datafield>
  <datafield tag="400" ind1="0" ind2=" ">
    <subfield code="a">Ludwig</subfield>
    <subfield code="b">IX.,</subfield>
    <subfield code="c">Hessen-Darmstadt, Landgraf,</subfield>
    <subfield code="d">1719-1790</subfield>
    <subfield code="0">o</subfield>
  </datafield>
  <datafield tag="400" ind1="0" ind2=" ">
    <subfield code="a">Ludwig</subfield>
    <subfield code="b">IX.,</subfield>
    <subfield code="c">Landgraf von Hessen-Darmstadt,</subfield>
    <subfield code="d">1719-1790</subfield>
    <subfield code="0">o</subfield>
  </datafield>
  <datafield tag="400" ind1="0" ind2=" ">
    <subfield code="a">Ludwig</subfield>
    <subfield code="b">IX.,</subfield>
    <subfield code="c">Landgraf von Hessen,</subfield>
    <subfield code="d">1719-1790</subfield>
    <subfield code="0">o</subfield>
  </datafield>
  <datafield tag="400" ind1="0" ind2=" ">
    <subfield code="a">Ludwig</subfield>
    <subfield code="b">IX.,</subfield>
    <subfield code="c">Hessen, Landgraf,</subfield>
    <subfield code="d">1719-1790</subfield>
    <subfield code="0">o</subfield>
  </datafield>
  <datafield tag="400" ind1="0" ind2=" ">
    <subfield code="a">Ludwig,</subfield>
    <subfield code="c">Hessen, Landgraf,</subfield>
    <subfield code="d">1719-1790</subfield>
    <subfield code="0">o</subfield>
  </datafield>
  <datafield tag="400" ind1="0" ind2=" ">
    <subfield code="a">Ludovicus,</subfield>
    <subfield code="c">Hassia, Landgravius,</subfield>
    <subfield code="d">1719-1790</subfield>
    <subfield code="0">o</subfield>
  </datafield>
  <datafield tag="400" ind1="0" ind2=" ">
    <subfield code="a">Ludovicus,</subfield>
    <subfield code="c">Landgravius de Hassia,</subfield>
    <subfield code="d">1719-1790</subfield>
    <subfield code="0">o</subfield>
  </datafield>
  <datafield tag="400" ind1="0" ind2=" ">
    <subfield code="a">Louis</subfield>
    <subfield code="b">IX.,</subfield>
    <subfield code="c">Landgrave of Hesse-Darmstadt,</subfield>
    <subfield code="d">1719-1790</subfield>
    <subfield code="0">o</subfield>
  </datafield>
  <datafield tag="400" ind1="0" ind2=" ">
    <subfield code="a">Louis,</subfield>
    <subfield code="c">Hesse-Darmstadt, Landgrave,</subfield>
    <subfield code="d">1719-1790</subfield>
    <subfield code="0">o</subfield>
  </datafield>
  <datafield tag="667" ind1=" " ind2=" ">
    <subfield code="a">http://d-nb.info/gnd/102119686.</subfield>
  </datafield>
  <datafield tag="670" ind1=" " ind2=" ">
    <subfield code="a">Historische Anfangsgründe der Mathematik: worinnen der Ursprung, Wachsthum, mancherley Veränderung und heutiger Zustand sowohl der Mathematik überhaupt, ... Von M. Johann Friederich Stockhausen ... Berlin: verlegts A. Haude und J. C. Spener, Königl. und der Academie der Wißenschaften Buchhändler, 175. [Dedikace]: Dem ... HERRN Ludwigen, Erbprinzen und Landgrafen zu Hessen ...</subfield>
    <subfield code="b">odkaz viz</subfield>
    <subfield code="u">http://mdz-nbn-resolving.de/urn:nbn:de:bvb:12-bsb10594289-2</subfield>
  </datafield>
  <datafield tag="670" ind1=" " ind2=" ">
    <subfield code="a">www(Wikipedie, otevřená encyklopedie), cit. 6. 10. 2020</subfield>
    <subfield code="b">autoritní forma, místo narození a úmrtí, biografické a profesní údaje</subfield>
    <subfield code="u">https://cs.wikipedia.org/wiki/Ludv%C3%ADk_IX._Hesensko-Darmstadtsk%C3%BD</subfield>
  </datafield>
  <datafield tag="670" ind1=" " ind2=" ">
    <subfield code="a">DNB, cit. 6. 10. 2020</subfield>
    <subfield code="b">odkazy viz, datum narození a úmrtí</subfield>
    <subfield code="u">http://d-nb.info/gnd/102119686</subfield>
  </datafield>
  <datafield tag="678" ind1="0" ind2=" ">
    <subfield code="a">Německý šlechtic. Od roku 1736 vládl v Hanau-Lichtenbergu, od roku 1768 v Hesensku-Darmstadtsku jako Ludvík IX., lankrabě. Byl vojákem a působil v rakouských a ruských službách, byl také skladatelem vojenských pochodů. Je zakladatelem města Pirmasens, ve kterém zemřel. Byl literárně činný a v publikacích mívá také roli dedikanta. Jeho otcem byl Ludvík VIII., hesensko-darmstadtský lankrabě (1691-1768) a bratrem Georg Wilhelm, lankrabě hesensko-darmstadtský (1722-1782).</subfield>
  </datafield>
  <datafield tag="906" ind1=" " ind2=" ">
    <subfield code="a">za20201006</subfield>
    <subfield code="b">evbr</subfield>
  </datafield>
  <datafield tag="906" ind1=" " ind2=" ">
    <subfield code="a">ko20201006</subfield>
    <subfield code="b">evbr</subfield>
  </datafield>
</record>