

<record>
  <leader>     nz  a22     n  4500</leader>
  <datafield tag="900" ind1=" " ind2=" ">
    <subfield code="a">J-NÁVRH</subfield>
  </datafield>
  <controlfield tag="001">ntk20201088136</controlfield>
  <controlfield tag="003">CZ PrNK</controlfield>
  <controlfield tag="005">20201007164858.0</controlfield>
  <controlfield tag="008">201006|n|aznnnaabn           n a|a      </controlfield>
  <datafield tag="024" ind1="7" ind2=" ">
    <subfield code="a">0000000109348562</subfield>
    <subfield code="2">isni</subfield>
  </datafield>
  <datafield tag="040" ind1=" " ind2=" ">
    <subfield code="a">ABA013</subfield>
    <subfield code="b">cze</subfield>
    <subfield code="e">rda</subfield>
  </datafield>
  <datafield tag="046" ind1=" " ind2=" ">
    <subfield code="f">1942</subfield>
  </datafield>
  <datafield tag="100" ind1="1" ind2=" ">
    <subfield code="a">Occelli, Mario L.,</subfield>
    <subfield code="d">1942-</subfield>
    <subfield code="7">ntk20201088136</subfield>
  </datafield>
  <datafield tag="368" ind1=" " ind2=" ">
    <subfield code="d">Ph.D. (Physical Chemistry)</subfield>
    <subfield code="s">1972</subfield>
  </datafield>
  <datafield tag="370" ind1=" " ind2=" ">
    <subfield code="c">Spojené státy americké</subfield>
    <subfield code="s">1963</subfield>
  </datafield>
  <datafield tag="372" ind1=" " ind2=" ">
    <subfield code="a">chemické inženýrství</subfield>
    <subfield code="a">fyzikální chemie</subfield>
    <subfield code="a">katalýza</subfield>
    <subfield code="a">katalyzátory</subfield>
    <subfield code="a">krakování</subfield>
  </datafield>
  <datafield tag="373" ind1=" " ind2=" ">
    <subfield code="a">Unocal Corporation</subfield>
    <subfield code="2">LC (Names)</subfield>
  </datafield>
  <datafield tag="374" ind1=" " ind2=" ">
    <subfield code="a">chemici</subfield>
    <subfield code="a">vědci</subfield>
    <subfield code="a">poradci</subfield>
  </datafield>
  <datafield tag="375" ind1=" " ind2=" ">
    <subfield code="a">muž</subfield>
  </datafield>
  <datafield tag="377" ind1=" " ind2=" ">
    <subfield code="a">eng</subfield>
  </datafield>
  <datafield tag="400" ind1="1" ind2=" ">
    <subfield code="a">Occelli, M. L.,</subfield>
    <subfield code="d">1942-</subfield>
    <subfield code="0">o</subfield>
  </datafield>
  <datafield tag="400" ind1="1" ind2=" ">
    <subfield code="a">Occelli, Mario Lorenzo,</subfield>
    <subfield code="d">1942-</subfield>
    <subfield code="0">o</subfield>
  </datafield>
  <datafield tag="670" ind1=" " ind2=" ">
    <subfield code="a">Davis, Burtron H. - Occelli, Mario L. (eds.): Fischer-Tropsch synthesis, catalysts, and catalysis, c2016</subfield>
    <subfield code="b">profesní údaje</subfield>
  </datafield>
  <datafield tag="670" ind1=" " ind2=" ">
    <subfield code="a">LC (Names), cit. 6. 10. 2020</subfield>
    <subfield code="b">autoritní forma, odkaz viz, datum narození</subfield>
  </datafield>
  <datafield tag="670" ind1=" " ind2=" ">
    <subfield code="a">www(Prabook), cit. 6. 10. 2020</subfield>
    <subfield code="b">biografické a profesní údaje, odkaz viz, místo narození, národnost</subfield>
  </datafield>
  <datafield tag="678" ind1="0" ind2=" ">
    <subfield code="a">Americký chemik, výzkumný pracovník a nezávislý konzultant, původem z Itálie. Zaměřuje se na fyzikální chemii, katalýzu a chemické inženýrství. Jeho výzkum zahrnuje fluidní katalytické krakování a katalyzátory pro petrochemický průmysl. Je autorem řady amerických patentů v oboru. Publikace v oboru působnosti.</subfield>
  </datafield>
  <datafield tag="906" ind1=" " ind2=" ">
    <subfield code="a">za20201006</subfield>
    <subfield code="b">pavk</subfield>
  </datafield>
  <datafield tag="906" ind1=" " ind2=" ">
    <subfield code="a">ko20201007</subfield>
    <subfield code="b">msis</subfield>
  </datafield>
</record>