

<record>
  <leader>     nz  a22     n  4500</leader>
  <datafield tag="900" ind1=" " ind2=" ">
    <subfield code="a">J-NÁVRH</subfield>
  </datafield>
  <controlfield tag="001">xx0252451</controlfield>
  <controlfield tag="003">CZ PrNK</controlfield>
  <controlfield tag="005">20201006172925.0</controlfield>
  <controlfield tag="008">201006|n|aznnnaabn           n a|a      </controlfield>
  <datafield tag="040" ind1=" " ind2=" ">
    <subfield code="a">ABG001</subfield>
    <subfield code="b">cze</subfield>
    <subfield code="e">rda</subfield>
  </datafield>
  <datafield tag="100" ind1="1" ind2=" ">
    <subfield code="a">Reeds, Brandi</subfield>
    <subfield code="7">xx0252451</subfield>
  </datafield>
  <datafield tag="370" ind1=" " ind2=" ">
    <subfield code="a">Chicago, Illinois</subfield>
    <subfield code="c">Spojené státy americké</subfield>
    <subfield code="f">Chicago, Illinois</subfield>
  </datafield>
  <datafield tag="372" ind1=" " ind2=" ">
    <subfield code="a">literatura</subfield>
    <subfield code="a">literární činnost</subfield>
    <subfield code="a">výchova a vzdělávání</subfield>
    <subfield code="a">poradenství</subfield>
    <subfield code="a">literatura pro mládež</subfield>
    <subfield code="a">nábytkový design</subfield>
  </datafield>
  <datafield tag="374" ind1=" " ind2=" ">
    <subfield code="a">spisovatelky</subfield>
    <subfield code="a">vysokoškolské učitelky</subfield>
    <subfield code="a">designérky</subfield>
  </datafield>
  <datafield tag="375" ind1=" " ind2=" ">
    <subfield code="a">žena</subfield>
  </datafield>
  <datafield tag="377" ind1=" " ind2=" ">
    <subfield code="a">eng</subfield>
  </datafield>
  <datafield tag="400" ind1="1" ind2=" ">
    <subfield code="w">r</subfield>
    <subfield code="i">Pseudonym:</subfield>
    <subfield code="a">Dawn, Sasha</subfield>
    <subfield code="0">o</subfield>
  </datafield>
  <datafield tag="670" ind1=" " ind2=" ">
    <subfield code="a">Reeds, Brandi: Prohřešek, 2020</subfield>
  </datafield>
  <datafield tag="670" ind1=" " ind2=" ">
    <subfield code="a">LC (Names), cit. 6. 10. 2020</subfield>
    <subfield code="b">autoritní forma, biografické údaje, odkaz viz</subfield>
  </datafield>
  <datafield tag="678" ind1="0" ind2=" ">
    <subfield code="a">Americká spisovatelka thrillerů a románů pro mládež, které vydává pod pseudonymem Sasha Down. Vysokoškolská učitelka angličtiny a konzultantka designu kuchyní a nábytku.</subfield>
  </datafield>
  <datafield tag="906" ind1=" " ind2=" ">
    <subfield code="a">za20201006</subfield>
    <subfield code="b">xlair</subfield>
  </datafield>
  <datafield tag="906" ind1=" " ind2=" ">
    <subfield code="a">ko20201006</subfield>
    <subfield code="b">xjiva</subfield>
  </datafield>
</record>