

<record>
  <leader>     nz  a22     n  4500</leader>
  <controlfield tag="001">fd1088153</controlfield>
  <controlfield tag="003">CZ PrNK</controlfield>
  <controlfield tag="005">20201007073637.0</controlfield>
  <controlfield tag="008">201006|n|anznnbabn           n a|a      </controlfield>
  <datafield tag="040" ind1=" " ind2=" ">
    <subfield code="a">ABA001</subfield>
    <subfield code="b">cze</subfield>
  </datafield>
  <datafield tag="080" ind1=" " ind2=" ">
    <subfield code="a">(0.034.2:086.7)</subfield>
    <subfield code="2">MRF_2014</subfield>
  </datafield>
  <datafield tag="155" ind1=" " ind2=" ">
    <subfield code="a">podcasty</subfield>
    <subfield code="7">fd1088153</subfield>
  </datafield>
  <datafield tag="555" ind1=" " ind2=" ">
    <subfield code="w">g</subfield>
    <subfield code="a">rozhlasové pořady</subfield>
    <subfield code="7">fd1086839</subfield>
  </datafield>
  <datafield tag="677" ind1=" " ind2=" ">
    <subfield code="a">Zvukové soubory (audiopořady) zpřístupňované v digitálním formátu pro automatické stahování z internetu.</subfield>
  </datafield>
  <datafield tag="755" ind1="0" ind2="7">
    <subfield code="a">podcasts</subfield>
    <subfield code="2">eczenas</subfield>
  </datafield>
  <datafield tag="906" ind1=" " ind2=" ">
    <subfield code="a">wp20201006</subfield>
    <subfield code="b">maba</subfield>
  </datafield>
</record>