

<record>
  <leader>     nz  a22     n  4500</leader>
  <controlfield tag="001">jo20201088160</controlfield>
  <controlfield tag="003">CZ PrNK</controlfield>
  <controlfield tag="005">20201007072922.0</controlfield>
  <controlfield tag="008">201007|n|aznnnaabn           n a|a      </controlfield>
  <datafield tag="040" ind1=" " ind2=" ">
    <subfield code="a">ABA001</subfield>
    <subfield code="b">cze</subfield>
    <subfield code="e">rda</subfield>
  </datafield>
  <datafield tag="100" ind1="1" ind2=" ">
    <subfield code="a">Bartels, Anke</subfield>
    <subfield code="7">jo20201088160</subfield>
  </datafield>
  <datafield tag="370" ind1=" " ind2=" ">
    <subfield code="c">Německo</subfield>
    <subfield code="f">Glasgow, Skotsko</subfield>
    <subfield code="f">Postupim, Německo</subfield>
    <subfield code="f">Braunschweig, Německo</subfield>
    <subfield code="f">Magdeburg, Německo</subfield>
  </datafield>
  <datafield tag="372" ind1=" " ind2=" ">
    <subfield code="a">lingvistika</subfield>
    <subfield code="a">anglistika</subfield>
    <subfield code="a">angličtina</subfield>
    <subfield code="a">postkoloniální literatury</subfield>
    <subfield code="a">britské drama</subfield>
    <subfield code="a">genderová studia</subfield>
    <subfield code="a">lektorství (vzdělávání)</subfield>
  </datafield>
  <datafield tag="374" ind1=" " ind2=" ">
    <subfield code="a">lingvistky</subfield>
    <subfield code="a">anglistky</subfield>
    <subfield code="a">vysokoškolské učitelky</subfield>
    <subfield code="a">lektorky (vzdělávání)</subfield>
  </datafield>
  <datafield tag="375" ind1=" " ind2=" ">
    <subfield code="a">žena</subfield>
  </datafield>
  <datafield tag="377" ind1=" " ind2=" ">
    <subfield code="a">eng</subfield>
  </datafield>
  <datafield tag="670" ind1=" " ind2=" ">
    <subfield code="a">Bartels, Anke - Eckstein, Lars ... (et al.): Postcolonial literatures in English, 2019</subfield>
  </datafield>
  <datafield tag="670" ind1=" " ind2=" ">
    <subfield code="a">DNB, cit. 7. 10. 2020</subfield>
    <subfield code="b">autoritní forma, biografické údaje</subfield>
  </datafield>
  <datafield tag="670" ind1=" " ind2=" ">
    <subfield code="a">www(Dr. Anke Bartels - Academic Staff - Sprachausbildung - Universität Potsdam), cit. 7. 10. 2020</subfield>
    <subfield code="b">biografické údaje</subfield>
  </datafield>
  <datafield tag="678" ind1="0" ind2=" ">
    <subfield code="a">Lingvistka-anglistka, vysokoškolská pedagožka, zaměřena na výuku akademické angličtiny, také anglické literatury, kulturních studií a postkoloniálních studií. Výzkumná akademická pracovnice v oblastech postkologinálních studií se zaměřením na Afriku, britského divadla, genderových studií a akademické angličtiny.</subfield>
  </datafield>
  <datafield tag="906" ind1=" " ind2=" ">
    <subfield code="a">br20201007</subfield>
    <subfield code="b">kurd</subfield>
  </datafield>
</record>