

<record>
  <leader>     nz  a22     n  4500</leader>
  <controlfield tag="001">jo20201088164</controlfield>
  <controlfield tag="003">CZ PrNK</controlfield>
  <controlfield tag="005">20201007080333.0</controlfield>
  <controlfield tag="008">201007|n|aznnnaabn           n a|a      </controlfield>
  <datafield tag="040" ind1=" " ind2=" ">
    <subfield code="a">ABA001</subfield>
    <subfield code="b">cze</subfield>
    <subfield code="e">rda</subfield>
  </datafield>
  <datafield tag="046" ind1=" " ind2=" ">
    <subfield code="f">1964</subfield>
  </datafield>
  <datafield tag="100" ind1="1" ind2=" ">
    <subfield code="a">Wiemann, Dirk,</subfield>
    <subfield code="d">1964-</subfield>
    <subfield code="7">jo20201088164</subfield>
  </datafield>
  <datafield tag="370" ind1=" " ind2=" ">
    <subfield code="a">Detmold, Německo</subfield>
    <subfield code="c">Německo</subfield>
    <subfield code="c">Indie</subfield>
    <subfield code="f">Postupim, Německo</subfield>
    <subfield code="f">Magdeburg, Německo</subfield>
    <subfield code="f">Tübingen, Německo</subfield>
  </datafield>
  <datafield tag="372" ind1=" " ind2=" ">
    <subfield code="a">filologie</subfield>
    <subfield code="a">anglistika</subfield>
    <subfield code="a">kultura</subfield>
    <subfield code="a">kulturní vztahy</subfield>
    <subfield code="a">anglicky psaná literatura</subfield>
  </datafield>
  <datafield tag="374" ind1=" " ind2=" ">
    <subfield code="a">filologové</subfield>
    <subfield code="a">anglisté</subfield>
    <subfield code="a">vysokoškolští učitelé</subfield>
  </datafield>
  <datafield tag="375" ind1=" " ind2=" ">
    <subfield code="a">muž</subfield>
  </datafield>
  <datafield tag="377" ind1=" " ind2=" ">
    <subfield code="a">eng</subfield>
    <subfield code="a">ger</subfield>
  </datafield>
  <datafield tag="670" ind1=" " ind2=" ">
    <subfield code="a">Bartels, Anke - Wiemann, Dirk ... (et al.): Postcolonial literatures in English, 2019</subfield>
  </datafield>
  <datafield tag="670" ind1=" " ind2=" ">
    <subfield code="a">DNB, cit. 7. 10. 2020</subfield>
    <subfield code="b">autoritní forma, datum narození, biografické údaje</subfield>
  </datafield>
  <datafield tag="670" ind1=" " ind2=" ">
    <subfield code="a">www(Wikipedia, die freie Enzyklopädie), cit. 7. 10. 2020</subfield>
    <subfield code="b">biografické údaje</subfield>
    <subfield code="u">https://de.wikipedia.org/wiki/Dirk_Wiemann</subfield>
  </datafield>
  <datafield tag="678" ind1="0" ind2=" ">
    <subfield code="a">Německý lingvista-anglista, vysokoškolský pedagog, vedoucí Ústavu pro anglistiku a amerikanistiku na Filozofické fakultě Postupimské univerzity. Zaměřen na současné indické spisovatele píšící v angličtině. Dále zaměřen na moderní formy vlády a indicko-britskou kulturní výměnu od 19. století.</subfield>
  </datafield>
  <datafield tag="906" ind1=" " ind2=" ">
    <subfield code="a">br20201007</subfield>
    <subfield code="b">kurd</subfield>
  </datafield>
</record>