

<record>
  <leader>     cz  a22     n  4500</leader>
  <controlfield tag="001">xx0252459</controlfield>
  <controlfield tag="003">CZ PrNK</controlfield>
  <controlfield tag="005">20201007083003.0</controlfield>
  <controlfield tag="008">201007|n|aznnnaabn           n a|a      </controlfield>
  <datafield tag="040" ind1=" " ind2=" ">
    <subfield code="a">ABH306</subfield>
    <subfield code="b">cze</subfield>
    <subfield code="d">ABA001</subfield>
    <subfield code="e">rda</subfield>
  </datafield>
  <datafield tag="100" ind1="1" ind2=" ">
    <subfield code="a">Jirásek, Petr</subfield>
    <subfield code="7">xx0252459</subfield>
  </datafield>
  <datafield tag="368" ind1=" " ind2=" ">
    <subfield code="d">Ing.</subfield>
  </datafield>
  <datafield tag="370" ind1=" " ind2=" ">
    <subfield code="c">Česko</subfield>
    <subfield code="f">Hlince, Plzeň-sever, Česko</subfield>
  </datafield>
  <datafield tag="372" ind1=" " ind2=" ">
    <subfield code="a">památková péče</subfield>
    <subfield code="a">obnova a rekonstrukce památek</subfield>
    <subfield code="a">místní správa</subfield>
  </datafield>
  <datafield tag="374" ind1=" " ind2=" ">
    <subfield code="a">památkáři</subfield>
    <subfield code="a">starostové</subfield>
  </datafield>
  <datafield tag="375" ind1=" " ind2=" ">
    <subfield code="a">muž</subfield>
  </datafield>
  <datafield tag="377" ind1=" " ind2=" ">
    <subfield code="a">cze</subfield>
  </datafield>
  <datafield tag="667" ind1=" " ind2=" ">
    <subfield code="a">Nezaměnit s autorem v oblasti regionálních dějin z oblasti Praha-západ Jirásek, Petr (mzk2009512642).</subfield>
  </datafield>
  <datafield tag="670" ind1=" " ind2=" ">
    <subfield code="a">www(Hlince, oficiální stránky obce), cit. 4. 9. 2020</subfield>
    <subfield code="b">biografické údaje</subfield>
  </datafield>
  <datafield tag="670" ind1=" " ind2=" ">
    <subfield code="a">www(Šrámková, Jitka: Památkář zachránil kostel v Dolanech, z ruiny se stala perla. In: iDNES.cz), 30. 10. 2014, cit. 7. 9. 2020</subfield>
    <subfield code="b">biografické údaje</subfield>
  </datafield>
  <datafield tag="670" ind1=" " ind2=" ">
    <subfield code="a">Jirásek, Petr: Špejchar čp. 29 ve Hlincích. In: Vlastivědný sborník : čtvrtletník pro regionální dějiny severního Plzeňska. Roč. 29, 2019, č. 4, s. 14-16</subfield>
    <subfield code="b">autoritní forma</subfield>
  </datafield>
  <datafield tag="678" ind1="0" ind2=" ">
    <subfield code="a">Ing., památkář, starosta obce Hlince v okrese Plzeň-sever. Autor článků o obnově památek, zejména v obci Hlince a jejím okolí.</subfield>
  </datafield>
  <datafield tag="906" ind1=" " ind2=" ">
    <subfield code="a">za20201007</subfield>
    <subfield code="b">xzdkr</subfield>
  </datafield>
  <datafield tag="906" ind1=" " ind2=" ">
    <subfield code="a">op20201007</subfield>
    <subfield code="b">lisi</subfield>
    <subfield code="c">Pole 370 - doplnění podpole f, interní poznámka - nově, pole 368 - nově</subfield>
  </datafield>
</record>