

<record>
  <leader>     cz  a22     n  4500</leader>
  <controlfield tag="001">ko20201088176</controlfield>
  <controlfield tag="003">CZ PrNK</controlfield>
  <controlfield tag="005">20201007120400.0</controlfield>
  <controlfield tag="008">201007|n|aznnnaabn           n a|a      </controlfield>
  <datafield tag="040" ind1=" " ind2=" ">
    <subfield code="a">ABA001</subfield>
    <subfield code="b">cze</subfield>
    <subfield code="d">ABA001</subfield>
    <subfield code="e">rda</subfield>
  </datafield>
  <datafield tag="110" ind1="2" ind2=" ">
    <subfield code="a">Odborové sdružení československé.</subfield>
    <subfield code="b">Krajská odborová rada v Plzni</subfield>
    <subfield code="b">Konference odborových skupin a plateben svazů</subfield>
    <subfield code="7">ko20201088176</subfield>
  </datafield>
  <datafield tag="MOR" ind1="1" ind2=" ">
    <subfield code="a">Konference odborových skupin a plateben svazů zastoupených v Odborovém sdružení československém v obvodu Krajské odborové rady v Plzni</subfield>
    <subfield code="7">ko20201088176</subfield>
  </datafield>
  <datafield tag="368" ind1=" " ind2=" ">
    <subfield code="a">konference</subfield>
  </datafield>
  <datafield tag="370" ind1=" " ind2=" ">
    <subfield code="c">Česko</subfield>
    <subfield code="e">Plzeň, Česko</subfield>
  </datafield>
  <datafield tag="372" ind1=" " ind2=" ">
    <subfield code="a">odborové svazy</subfield>
    <subfield code="a">odbory</subfield>
  </datafield>
  <datafield tag="377" ind1=" " ind2=" ">
    <subfield code="a">cze</subfield>
  </datafield>
  <datafield tag="411" ind1="2" ind2=" ">
    <subfield code="a">Konference odborových skupin a plateben svazů zastoupených v Odborovém sdružení československém v obvodu Krajské odborové rady v Plzni</subfield>
    <subfield code="0">o</subfield>
  </datafield>
  <datafield tag="670" ind1=" " ind2=" ">
    <subfield code="a">Zpráva ke Konferenci odborových skupin a plateben svazů zastoupených v Odborovém sdružení československém v obvodu Krajské odborové rady v Plzni za rok ...</subfield>
  </datafield>
  <datafield tag="906" ind1=" " ind2=" ">
    <subfield code="a">za20201007</subfield>
    <subfield code="b">blau</subfield>
  </datafield>
  <datafield tag="906" ind1=" " ind2=" ">
    <subfield code="a">oz20201007</subfield>
    <subfield code="b">svsv</subfield>
    <subfield code="c">Záhlaví - oprava; Viz - nově; Další info - nově; Související místo - nově; Oblast působení - nově; Jazyk - nově</subfield>
  </datafield>
</record>