

<record>
  <leader>     nz  a22     n  4500</leader>
  <controlfield tag="001">jcu20201088178</controlfield>
  <controlfield tag="003">CZ PrNK</controlfield>
  <controlfield tag="005">20201008142516.0</controlfield>
  <controlfield tag="008">201007|n|aznnnaabn           n a|a      </controlfield>
  <datafield tag="024" ind1="7" ind2=" ">
    <subfield code="a">0000000117794220</subfield>
    <subfield code="2">isni</subfield>
  </datafield>
  <datafield tag="040" ind1=" " ind2=" ">
    <subfield code="a">CBD007</subfield>
    <subfield code="b">cze</subfield>
    <subfield code="d">ABA001</subfield>
    <subfield code="e">rda</subfield>
  </datafield>
  <datafield tag="046" ind1=" " ind2=" ">
    <subfield code="f">1955</subfield>
  </datafield>
  <datafield tag="100" ind1="1" ind2=" ">
    <subfield code="a">Foote, Kenneth E.,</subfield>
    <subfield code="d">1955-</subfield>
    <subfield code="7">jcu20201088178</subfield>
  </datafield>
  <datafield tag="370" ind1=" " ind2=" ">
    <subfield code="c">Spojené státy americké</subfield>
  </datafield>
  <datafield tag="372" ind1=" " ind2=" ">
    <subfield code="a">geografie</subfield>
    <subfield code="a">kulturní geografie</subfield>
    <subfield code="a">historická geografie</subfield>
    <subfield code="a">geografické informační systémy</subfield>
    <subfield code="a">kartografie</subfield>
  </datafield>
  <datafield tag="374" ind1=" " ind2=" ">
    <subfield code="a">vysokoškolští učitelé</subfield>
    <subfield code="a">geografové</subfield>
  </datafield>
  <datafield tag="375" ind1=" " ind2=" ">
    <subfield code="a">muž</subfield>
  </datafield>
  <datafield tag="377" ind1=" " ind2=" ">
    <subfield code="a">eng</subfield>
  </datafield>
  <datafield tag="400" ind1="1" ind2=" ">
    <subfield code="a">Foote, Kenneth Edwin,</subfield>
    <subfield code="d">1955-</subfield>
    <subfield code="0">o</subfield>
  </datafield>
  <datafield tag="400" ind1="1" ind2=" ">
    <subfield code="a">Foote, Kenneth,</subfield>
    <subfield code="d">1955-</subfield>
    <subfield code="0">o</subfield>
  </datafield>
  <datafield tag="670" ind1=" " ind2=" ">
    <subfield code="a">Ryan, Marie-Laure - Foote, Kenneth: Narrating space/spatializing narrative : where narrative theory and geography meet. 2016</subfield>
    <subfield code="b">další odkaz viz</subfield>
  </datafield>
  <datafield tag="670" ind1=" " ind2=" ">
    <subfield code="a">LC (Names), cit. 7. 10. 2020</subfield>
    <subfield code="b">autoritní forma, rok narození, odkaz viz</subfield>
  </datafield>
  <datafield tag="670" ind1=" " ind2=" ">
    <subfield code="a">www(University of Connecticut), cit. 7. 10. 2020</subfield>
    <subfield code="b">profesní zaměření, pole 370</subfield>
  </datafield>
  <datafield tag="678" ind1="0" ind2=" ">
    <subfield code="a">Americký univerzitní profesor geografie. Specializuje se na kulturní a historickou geografii zaměřenou na americkou a evropskou historii krajiny, geografickou informační vědu a systémy, webové a mobilní aplikace, multimediální kartografii a podporu geografie ve vysokoškolském vzdělávání.</subfield>
  </datafield>
  <datafield tag="906" ind1=" " ind2=" ">
    <subfield code="a">ko20201007</subfield>
    <subfield code="b">rehackov</subfield>
  </datafield>
  <datafield tag="906" ind1=" " ind2=" ">
    <subfield code="a">vr20201008</subfield>
    <subfield code="b">lisi</subfield>
  </datafield>
</record>