

<record>
  <leader>     nz  a22     n  4500</leader>
  <datafield tag="900" ind1=" " ind2=" ">
    <subfield code="a">V-NÁVRH</subfield>
  </datafield>
  <controlfield tag="001">ph1088182</controlfield>
  <controlfield tag="003">CZ PrNK</controlfield>
  <controlfield tag="005">20201007092947.0</controlfield>
  <controlfield tag="008">201007|n|anznnbabn           n a|a      </controlfield>
  <datafield tag="040" ind1=" " ind2=" ">
    <subfield code="a">ABA001</subfield>
    <subfield code="b">cze</subfield>
  </datafield>
  <datafield tag="072" ind1=" " ind2="7">
    <subfield code="a">629</subfield>
    <subfield code="x">Dopravní prostředky</subfield>
    <subfield code="2">Konspekt</subfield>
    <subfield code="9">19</subfield>
  </datafield>
  <datafield tag="080" ind1=" " ind2=" ">
    <subfield code="a">629.423</subfield>
    <subfield code="2">MRF_2014</subfield>
  </datafield>
  <datafield tag="150" ind1=" " ind2=" ">
    <subfield code="a">131 (lokomotivy)</subfield>
    <subfield code="7">ph1088182</subfield>
  </datafield>
  <datafield tag="450" ind1=" " ind2=" ">
    <subfield code="a">E 479.0 (lokomotivy)</subfield>
    <subfield code="0">o</subfield>
  </datafield>
  <datafield tag="550" ind1=" " ind2=" ">
    <subfield code="w">g</subfield>
    <subfield code="a">elektrické lokomotivy</subfield>
    <subfield code="7">ph173810</subfield>
  </datafield>
  <datafield tag="750" ind1="0" ind2="7">
    <subfield code="a">131 (locomotives)</subfield>
    <subfield code="2">eczenas</subfield>
  </datafield>
  <datafield tag="906" ind1=" " ind2=" ">
    <subfield code="a">za20201007</subfield>
    <subfield code="b">mikr</subfield>
  </datafield>
</record>