

<record>
  <leader>     nz  a22     n  4500</leader>
  <datafield tag="900" ind1=" " ind2=" ">
    <subfield code="a">J-NÁVRH-STT</subfield>
  </datafield>
  <controlfield tag="001">ntk20201088206</controlfield>
  <controlfield tag="003">CZ PrNK</controlfield>
  <controlfield tag="005">20201007104029.0</controlfield>
  <controlfield tag="008">201007|n|aznnnaabn           n a|a      </controlfield>
  <datafield tag="024" ind1="7" ind2=" ">
    <subfield code="a">0000000055290966</subfield>
    <subfield code="2">isni</subfield>
  </datafield>
  <datafield tag="024" ind1="7" ind2=" ">
    <subfield code="a">Q715230</subfield>
    <subfield code="2">wikidata</subfield>
  </datafield>
  <datafield tag="040" ind1=" " ind2=" ">
    <subfield code="a">ABA013</subfield>
    <subfield code="b">cze</subfield>
    <subfield code="e">rda</subfield>
  </datafield>
  <datafield tag="046" ind1=" " ind2=" ">
    <subfield code="f">1722</subfield>
    <subfield code="g">1782</subfield>
  </datafield>
  <datafield tag="100" ind1="0" ind2=" ">
    <subfield code="a">Jiří Vilém,</subfield>
    <subfield code="c">hesensko-darmstadtský lankrabě,</subfield>
    <subfield code="d">1722-1782</subfield>
    <subfield code="7">ntk20201088206</subfield>
  </datafield>
  <datafield tag="368" ind1=" " ind2=" ">
    <subfield code="d">Landgraf von Hessen-Darmstadt</subfield>
    <subfield code="d">Reichs-Generalfeldmarschall</subfield>
    <subfield code="d">Prinz von Hessen-Darmstadt</subfield>
  </datafield>
  <datafield tag="370" ind1=" " ind2=" ">
    <subfield code="a">Darmstadt, Německo</subfield>
    <subfield code="b">Darmstadt, Německo</subfield>
    <subfield code="c">Německo</subfield>
    <subfield code="f">Darmstadt, Německo</subfield>
    <subfield code="f">Hesensko, Německo</subfield>
  </datafield>
  <datafield tag="372" ind1=" " ind2=" ">
    <subfield code="a">vojenská služba</subfield>
    <subfield code="a">státní správa</subfield>
    <subfield code="a">politika</subfield>
  </datafield>
  <datafield tag="374" ind1=" " ind2=" ">
    <subfield code="a">šlechtici</subfield>
    <subfield code="a">vojenští velitelé</subfield>
    <subfield code="a">generálové</subfield>
    <subfield code="a">maršálové</subfield>
    <subfield code="a">poradci</subfield>
  </datafield>
  <datafield tag="375" ind1=" " ind2=" ">
    <subfield code="a">muž</subfield>
  </datafield>
  <datafield tag="377" ind1=" " ind2=" ">
    <subfield code="a">ger</subfield>
    <subfield code="a">lat</subfield>
  </datafield>
  <datafield tag="400" ind1="0" ind2=" ">
    <subfield code="a">Georg Wilhelm,</subfield>
    <subfield code="c">Hessen-Darmstadt, Landgraf,</subfield>
    <subfield code="d">1722-1782</subfield>
    <subfield code="0">o</subfield>
  </datafield>
  <datafield tag="400" ind1="0" ind2=" ">
    <subfield code="a">Georg Wilhelm,</subfield>
    <subfield code="c">Landgrafen zu Hessen,</subfield>
    <subfield code="d">1722-1782</subfield>
    <subfield code="0">o</subfield>
  </datafield>
  <datafield tag="400" ind1="0" ind2=" ">
    <subfield code="a">Georg Wilhelm,</subfield>
    <subfield code="c">von Hessen-Darmstadt,</subfield>
    <subfield code="d">1722-1782</subfield>
    <subfield code="0">o</subfield>
  </datafield>
  <datafield tag="400" ind1="0" ind2=" ">
    <subfield code="a">Georg Wilhelm,</subfield>
    <subfield code="c">Hessen, Landgraf,</subfield>
    <subfield code="d">1722-1782</subfield>
    <subfield code="0">o</subfield>
  </datafield>
  <datafield tag="400" ind1="0" ind2=" ">
    <subfield code="a">George-Guillaume,</subfield>
    <subfield code="c">Hesse-Darmstadt, Landgrave,</subfield>
    <subfield code="d">1722-1782</subfield>
    <subfield code="0">o</subfield>
  </datafield>
  <datafield tag="400" ind1="0" ind2=" ">
    <subfield code="a">George William,</subfield>
    <subfield code="c">Prince of Hesse-Darmstadt,</subfield>
    <subfield code="d">1722-1782</subfield>
    <subfield code="0">o</subfield>
  </datafield>
  <datafield tag="400" ind1="0" ind2=" ">
    <subfield code="a">Jerzy Wilhelm,</subfield>
    <subfield code="c">z Hesji-Darmstadt,</subfield>
    <subfield code="d">1722-1782</subfield>
    <subfield code="0">o</subfield>
  </datafield>
  <datafield tag="400" ind1="0" ind2=" ">
    <subfield code="a">Jiří Vilém,</subfield>
    <subfield code="c">Hesensko-Darmstadtský,</subfield>
    <subfield code="d">1722-1782</subfield>
    <subfield code="0">o</subfield>
  </datafield>
  <datafield tag="400" ind1="0" ind2=" ">
    <subfield code="a">George Wilhelm,</subfield>
    <subfield code="c">van Hessen-Darmstadt,</subfield>
    <subfield code="d">1722-1782</subfield>
    <subfield code="0">o</subfield>
  </datafield>
  <datafield tag="667" ind1=" " ind2=" ">
    <subfield code="a">http://d-nb.info/gnd/10419345X.</subfield>
  </datafield>
  <datafield tag="670" ind1=" " ind2=" ">
    <subfield code="a">Historische Anfangsgründe der Mathematik: worinnen der Ursprung, Wachsthum, mancherley Veränderung und heutiger Zustand sowohl der Mathematik überhaupt, ... Von M. Johann Friederich Stockhausen ... Berlin: verlegts A. Haude und J. C. Spener, Königl. und der Academie der Wißenschaften Buchhändler, 175. [Dedikace]: Dem ... HERRN Georg Wilhelmen, Landgrafen zu Hessen ...</subfield>
    <subfield code="b">odkaz viz</subfield>
    <subfield code="u">http://mdz-nbn-resolving.de/urn:nbn:de:bvb:12-bsb10594289-2</subfield>
  </datafield>
  <datafield tag="670" ind1=" " ind2=" ">
    <subfield code="a">www(Wikipedie, otevřená encyklopedie), cit. 7. 10. 2020</subfield>
    <subfield code="b">autoritní forma, místo narození a úmrtí, biografické a profesní údaje</subfield>
    <subfield code="u">https://cs.wikipedia.org/wiki/Ji%C5%99%C3%AD_Vil%C3%A9m_Hesensko-Darmstadtsk%C3%BD</subfield>
  </datafield>
  <datafield tag="670" ind1=" " ind2=" ">
    <subfield code="a">DNB, cit. 7. 10. 2020</subfield>
    <subfield code="b">odkazy viz, datum narození a úmrtí</subfield>
    <subfield code="u">http://d-nb.info/gnd/10419345X</subfield>
  </datafield>
  <datafield tag="678" ind1="0" ind2=" ">
    <subfield code="a">Německý šlechtic a voják. Ve vojenských službách Hesensko-Darmstadtska působil již od r. 1738 (velitel armádního pluku, později pruského regimentu). Dosáhl hodnosti generála kavalérie a byl oficiálním vojenským poradcem svého otce. V Darmstadtu zastupoval vládnoucí rodinu. V publikacích mívá roli dedikanta. Byl druhorozeným synem hesensko-darmstadtského lankraběte Ludvíka VIII. (1691-1768) a bratrem hesensko-darmstadtského lankraběte Ludvíka IX. (1719-1790).</subfield>
  </datafield>
  <datafield tag="906" ind1=" " ind2=" ">
    <subfield code="a">za20201007</subfield>
    <subfield code="b">evbr</subfield>
  </datafield>
  <datafield tag="906" ind1=" " ind2=" ">
    <subfield code="a">ko20201007</subfield>
    <subfield code="b">evbr</subfield>
  </datafield>
</record>