

<record>
  <leader>     nz  a22     n  4500</leader>
  <controlfield tag="001">ge1088207</controlfield>
  <controlfield tag="003">CZ PrNK</controlfield>
  <controlfield tag="005">20201007103755.0</controlfield>
  <controlfield tag="008">201007|n|acznnbabn           n a|a      </controlfield>
  <datafield tag="034" ind1=" " ind2=" ">
    <subfield code="d">W001.6973</subfield>
    <subfield code="e">W001.6973</subfield>
    <subfield code="f">N040.3208</subfield>
    <subfield code="g">N040.3208</subfield>
  </datafield>
  <datafield tag="040" ind1=" " ind2=" ">
    <subfield code="a">ABA001</subfield>
    <subfield code="b">cze</subfield>
  </datafield>
  <datafield tag="043" ind1=" " ind2=" ">
    <subfield code="a">e-sp---</subfield>
    <subfield code="a">e-po---</subfield>
  </datafield>
  <datafield tag="080" ind1=" " ind2=" ">
    <subfield code="a">(282.246.23)</subfield>
    <subfield code="c">fyzickogeografická charakteristika</subfield>
    <subfield code="2">MRF_2014</subfield>
  </datafield>
  <datafield tag="080" ind1=" " ind2=" ">
    <subfield code="a">(460)</subfield>
    <subfield code="c">místní určení - Španělsko</subfield>
    <subfield code="2">MRF_2014</subfield>
  </datafield>
  <datafield tag="080" ind1=" " ind2=" ">
    <subfield code="a">(469)</subfield>
    <subfield code="c">místní určení - Portugalsko</subfield>
    <subfield code="2">MRF_2014</subfield>
  </datafield>
  <datafield tag="151" ind1=" " ind2=" ">
    <subfield code="a">Tajo (Španělsko a Portugalsko : řeka)</subfield>
    <subfield code="7">ge1088207</subfield>
  </datafield>
  <datafield tag="451" ind1=" " ind2=" ">
    <subfield code="a">Tejo (Španělsko a Portugalsko : řeka)</subfield>
    <subfield code="0">o</subfield>
  </datafield>
  <datafield tag="451" ind1=" " ind2=" ">
    <subfield code="a">Tagus (Španělsko a Portugalsko : řeka)</subfield>
    <subfield code="0">o</subfield>
  </datafield>
  <datafield tag="451" ind1=" " ind2=" ">
    <subfield code="a">Tag (Španělsko a Portugalsko : řeka)</subfield>
    <subfield code="0">o</subfield>
  </datafield>
  <datafield tag="670" ind1=" " ind2=" ">
    <subfield code="a">www(Wikipedie, otevřená encyklopedie)</subfield>
  </datafield>
  <datafield tag="678" ind1=" " ind2=" ">
    <subfield code="a">Řeka ve středním Španělsku a Portugalsku. Ústí do Atlantského oceánu.</subfield>
  </datafield>
  <datafield tag="751" ind1="0" ind2="7">
    <subfield code="a">Tagus River (Spain and Portugal)</subfield>
    <subfield code="2">eczenas</subfield>
  </datafield>
  <datafield tag="856" ind1="4" ind2="2">
    <subfield code="u">https://cs.wikipedia.org/wiki/Tajo</subfield>
    <subfield code="4">N</subfield>
  </datafield>
  <datafield tag="GPS" ind1=" " ind2=" ">
    <subfield code="a">40°19'14.8"N</subfield>
    <subfield code="c">1°41'50.2"W</subfield>
  </datafield>
  <datafield tag="956" ind1="4" ind2=" ">
    <subfield code="u">http://aleph.nkp.cz/aleph-cgi/show_map?ll=40.32078,-1.69728&amp;z=12</subfield>
    <subfield code="y">Zobrazit na mapě</subfield>
    <subfield code="4">N</subfield>
  </datafield>
  <datafield tag="906" ind1=" " ind2=" ">
    <subfield code="a">wp20201007</subfield>
    <subfield code="b">napo</subfield>
  </datafield>
</record>