

<record>
  <leader>     nz  a22     n  4500</leader>
  <controlfield tag="001">jo20201088211</controlfield>
  <controlfield tag="003">CZ PrNK</controlfield>
  <controlfield tag="005">20201007111520.0</controlfield>
  <controlfield tag="008">201007|n|aznnnaabn           n a|a      </controlfield>
  <datafield tag="040" ind1=" " ind2=" ">
    <subfield code="a">ABA001</subfield>
    <subfield code="b">cze</subfield>
    <subfield code="e">rda</subfield>
  </datafield>
  <datafield tag="046" ind1=" " ind2=" ">
    <subfield code="f">1855</subfield>
  </datafield>
  <datafield tag="100" ind1="0" ind2=" ">
    <subfield code="a">Gotthard,</subfield>
    <subfield code="c">P.,</subfield>
    <subfield code="d">1855-</subfield>
    <subfield code="7">jo20201088211</subfield>
  </datafield>
  <datafield tag="368" ind1=" " ind2=" ">
    <subfield code="d">OFMCap</subfield>
  </datafield>
  <datafield tag="368" ind1=" " ind2=" ">
    <subfield code="d">Superior</subfield>
    <subfield code="s">1924</subfield>
    <subfield code="t">1930</subfield>
  </datafield>
  <datafield tag="370" ind1=" " ind2=" ">
    <subfield code="c">Česko</subfield>
    <subfield code="c">Německo</subfield>
    <subfield code="f">Mariánská, Jáchymov, Karlovy Vary, Česko</subfield>
    <subfield code="f">Mnichov, Německo</subfield>
  </datafield>
  <datafield tag="372" ind1=" " ind2=" ">
    <subfield code="a">homiletika</subfield>
    <subfield code="a">křesťanství</subfield>
    <subfield code="a">církevní dějiny</subfield>
    <subfield code="a">zbožnost</subfield>
  </datafield>
  <datafield tag="373" ind1=" " ind2=" ">
    <subfield code="a">Kapucíni</subfield>
  </datafield>
  <datafield tag="374" ind1=" " ind2=" ">
    <subfield code="a">katoličtí duchovní</subfield>
  </datafield>
  <datafield tag="375" ind1=" " ind2=" ">
    <subfield code="a">muž</subfield>
  </datafield>
  <datafield tag="377" ind1=" " ind2=" ">
    <subfield code="a">ger</subfield>
  </datafield>
  <datafield tag="400" ind1="1" ind2=" ">
    <subfield code="a">Auracher, Gotthard,</subfield>
    <subfield code="d">1855-</subfield>
    <subfield code="0">o</subfield>
  </datafield>
  <datafield tag="400" ind1="0" ind2=" ">
    <subfield code="a">Gotthard,</subfield>
    <subfield code="d">1855-</subfield>
    <subfield code="0">o</subfield>
  </datafield>
  <datafield tag="400" ind1="1" ind2=" ">
    <subfield code="a">Auracher, Benno,</subfield>
    <subfield code="d">1855-</subfield>
    <subfield code="0">o</subfield>
  </datafield>
  <datafield tag="667" ind1=" " ind2=" ">
    <subfield code="a">V některých zdrojích je spojován též s Tyrolskem.</subfield>
  </datafield>
  <datafield tag="670" ind1=" " ind2=" ">
    <subfield code="a">Gotthard, P.: Geschichte und Beschreibung der Wallfahrt Maria Sorg im Erzgebirge. St. Joachimsthal: Rudolf Weis, 1928</subfield>
    <subfield code="b">autoritní forma, biografické údaje, rok narození, pole 368, 370, 373</subfield>
  </datafield>
  <datafield tag="670" ind1=" " ind2=" ">
    <subfield code="a">DNB, cit. 7. 10. 2020</subfield>
    <subfield code="b">odkaz viz</subfield>
  </datafield>
  <datafield tag="670" ind1=" " ind2=" ">
    <subfield code="a">Matějka, Pacifik M.: Seznamy představených kapucínských klášterů podřízených provincialátu v Praze (1599-2005), In: Paginae Historiae 13, Praha 2005</subfield>
    <subfield code="b">odkaz viz, pole 368</subfield>
  </datafield>
  <datafield tag="678" ind1="0" ind2=" ">
    <subfield code="a">Katolický duchovní, člen řádu kapucínů, v letech 1924-1930 superior v hospicu Mariánská (MariaSorg bei Joachimsthal Hospitium ad S. Mariam Curatricem [Joachimum Valle]).</subfield>
  </datafield>
  <datafield tag="906" ind1=" " ind2=" ">
    <subfield code="a">br20201007</subfield>
    <subfield code="b">lisi</subfield>
  </datafield>
</record>