

<record>
  <leader>     nz  a22     n  4500</leader>
  <datafield tag="900" ind1=" " ind2=" ">
    <subfield code="a">J-NÁVRH</subfield>
  </datafield>
  <controlfield tag="001">hka20201088215</controlfield>
  <controlfield tag="003">CZ PrNK</controlfield>
  <controlfield tag="005">20201008141622.0</controlfield>
  <controlfield tag="008">201007|n|aznnnaabn           n a|a      </controlfield>
  <datafield tag="040" ind1=" " ind2=" ">
    <subfield code="a">HKA001</subfield>
    <subfield code="b">cze</subfield>
    <subfield code="e">rda</subfield>
  </datafield>
  <datafield tag="046" ind1=" " ind2=" ">
    <subfield code="f">1927</subfield>
    <subfield code="g">1996</subfield>
  </datafield>
  <datafield tag="100" ind1="1" ind2=" ">
    <subfield code="a">Capoušek, Jaroslav,</subfield>
    <subfield code="d">1927-1996</subfield>
    <subfield code="7">hka20201088215</subfield>
  </datafield>
  <datafield tag="370" ind1=" " ind2=" ">
    <subfield code="a">Kočí, Česko</subfield>
    <subfield code="b">Kočí, Česko</subfield>
    <subfield code="c">Česko</subfield>
  </datafield>
  <datafield tag="372" ind1=" " ind2=" ">
    <subfield code="a">regionální dějiny</subfield>
    <subfield code="a">ochrana přírody</subfield>
    <subfield code="a">ekologie</subfield>
  </datafield>
  <datafield tag="374" ind1=" " ind2=" ">
    <subfield code="a">historici</subfield>
    <subfield code="a">regionální autoři</subfield>
    <subfield code="a">ochránci přírody</subfield>
    <subfield code="a">ekologové</subfield>
  </datafield>
  <datafield tag="375" ind1=" " ind2=" ">
    <subfield code="a">muž</subfield>
  </datafield>
  <datafield tag="377" ind1=" " ind2=" ">
    <subfield code="a">cze</subfield>
  </datafield>
  <datafield tag="670" ind1=" " ind2=" ">
    <subfield code="a">Bastl, Miroslav: Zemřel Jaroslav Capoušek. In: Chrudimské vlastivědné listy, 5, 1996, č. 1, s. 9, 1 kres.</subfield>
    <subfield code="b">datum a místo narození a úmrtí, biografické údaje</subfield>
  </datafield>
  <datafield tag="678" ind1="0" ind2=" ">
    <subfield code="a">Narozen 21. 7. 1927 v Kočí, zemřel 7. 1. 1996 tamtéž. Kulturní pracovník, regionální historik, ochránce přírody, ekolog a regionální vlastivědný publicista Chrudimska.</subfield>
  </datafield>
  <datafield tag="906" ind1=" " ind2=" ">
    <subfield code="a">za20201007</subfield>
    <subfield code="b">alhr</subfield>
  </datafield>
  <datafield tag="906" ind1=" " ind2=" ">
    <subfield code="a">ko20201008</subfield>
    <subfield code="b">masp</subfield>
  </datafield>
</record>