

<record>
  <leader>     nz  a22     n  4500</leader>
  <datafield tag="900" ind1=" " ind2=" ">
    <subfield code="a">J-NÁVRH-STT</subfield>
  </datafield>
  <controlfield tag="001">ntk20201088216</controlfield>
  <controlfield tag="003">CZ PrNK</controlfield>
  <controlfield tag="005">20201007111748.0</controlfield>
  <controlfield tag="008">201007|n|aznnnaabn           n a|a      </controlfield>
  <datafield tag="024" ind1="7" ind2=" ">
    <subfield code="a">0000000385307249</subfield>
    <subfield code="2">isni</subfield>
  </datafield>
  <datafield tag="024" ind1="7" ind2=" ">
    <subfield code="a">Q95239214</subfield>
    <subfield code="2">wikidata</subfield>
  </datafield>
  <datafield tag="040" ind1=" " ind2=" ">
    <subfield code="a">ABA013</subfield>
    <subfield code="b">cze</subfield>
    <subfield code="e">rda</subfield>
  </datafield>
  <datafield tag="046" ind1=" " ind2=" ">
    <subfield code="g">1740</subfield>
  </datafield>
  <datafield tag="100" ind1="1" ind2=" ">
    <subfield code="a">Meinig, Johann Christoph,</subfield>
    <subfield code="d">-1740</subfield>
    <subfield code="7">ntk20201088216</subfield>
  </datafield>
  <datafield tag="368" ind1=" " ind2=" ">
    <subfield code="d">Dr. iur. utr.</subfield>
  </datafield>
  <datafield tag="370" ind1=" " ind2=" ">
    <subfield code="c">Německo</subfield>
    <subfield code="f">Lipsko, Německo</subfield>
    <subfield code="f">Halle an der Saale, Německo</subfield>
  </datafield>
  <datafield tag="372" ind1=" " ind2=" ">
    <subfield code="a">právo</subfield>
    <subfield code="a">matematika</subfield>
    <subfield code="a">geometrie</subfield>
    <subfield code="a">fyzika</subfield>
    <subfield code="a">lékařství</subfield>
    <subfield code="a">filozofie</subfield>
    <subfield code="a">překlady z francouzštiny</subfield>
    <subfield code="a">překlady do němčiny</subfield>
  </datafield>
  <datafield tag="374" ind1=" " ind2=" ">
    <subfield code="a">právníci</subfield>
    <subfield code="a">matematici</subfield>
    <subfield code="a">fyzici</subfield>
    <subfield code="a">filozofové</subfield>
    <subfield code="a">překladatelé</subfield>
  </datafield>
  <datafield tag="375" ind1=" " ind2=" ">
    <subfield code="a">muž</subfield>
  </datafield>
  <datafield tag="377" ind1=" " ind2=" ">
    <subfield code="a">ger</subfield>
    <subfield code="a">lat</subfield>
  </datafield>
  <datafield tag="400" ind1="1" ind2=" ">
    <subfield code="a">Meinig, Johann C.,</subfield>
    <subfield code="d">-1740</subfield>
    <subfield code="0">o</subfield>
  </datafield>
  <datafield tag="400" ind1="1" ind2=" ">
    <subfield code="a">Meinig, Johannes C.,</subfield>
    <subfield code="d">-1740</subfield>
    <subfield code="0">o</subfield>
  </datafield>
  <datafield tag="400" ind1="1" ind2=" ">
    <subfield code="a">Meinigius, Joh. Christophorus,</subfield>
    <subfield code="d">-1740</subfield>
    <subfield code="0">o</subfield>
  </datafield>
  <datafield tag="400" ind1="1" ind2=" ">
    <subfield code="a">Meinigius, Johannes C.,</subfield>
    <subfield code="d">-1740</subfield>
    <subfield code="0">o</subfield>
  </datafield>
  <datafield tag="400" ind1="1" ind2=" ">
    <subfield code="a">Meinigius, Johannes Christophorus,</subfield>
    <subfield code="d">-1740</subfield>
    <subfield code="0">o</subfield>
  </datafield>
  <datafield tag="400" ind1="1" ind2=" ">
    <subfield code="w">r</subfield>
    <subfield code="i">Pseudonym:</subfield>
    <subfield code="a">Putoneus,</subfield>
    <subfield code="d">-1740</subfield>
    <subfield code="0">o</subfield>
  </datafield>
  <datafield tag="400" ind1="1" ind2=" ">
    <subfield code="w">r</subfield>
    <subfield code="i">Pseudonym:</subfield>
    <subfield code="a">PUTONEO,</subfield>
    <subfield code="d">-1740</subfield>
    <subfield code="0">o</subfield>
  </datafield>
  <datafield tag="667" ind1=" " ind2=" ">
    <subfield code="a">http://d-nb.info/gnd/100307914.</subfield>
  </datafield>
  <datafield tag="670" ind1=" " ind2=" ">
    <subfield code="a">Des Meyland vortrefflichen Herrn MARIOTTE ... Grund-Lehren Der Hydrostatick und Hydraulick ... aus den Frantzösischen ins Teutsche übersetzt, und mit nöthigen Anmerckungen erläutert, Von D. Johann Christoph Meinig. Leipzig: Bey Johann Friedrich Brauns sel. Erben, 1723</subfield>
    <subfield code="b">autoritní forma</subfield>
    <subfield code="u">http://digital.slub-dresden.de/ppn325687870</subfield>
  </datafield>
  <datafield tag="670" ind1=" " ind2=" ">
    <subfield code="a">ENUNCIATA ET CONSILIA JURIS Unterschiedener Rechts-Gelehrten, ... Zusammen getragen und mit einigen Anmerckungen erlaeutert von PUTONEO. Bd. 1 (1720) - Bd. 7 (1742). Leipzig: Heinsius. ISSN 2509-906X (Print), ISSN 2509-9078 (Online)</subfield>
    <subfield code="b">odkaz viz</subfield>
    <subfield code="u">http://hdl.handle.net/hdl:11858/00-001M-0000-0029-686A-D</subfield>
  </datafield>
  <datafield tag="670" ind1=" " ind2=" ">
    <subfield code="a">DNB, cit. 7. 10. 2020</subfield>
    <subfield code="b">autoritní formy, odkazy viz, datum úmrtí a místa činnosti</subfield>
    <subfield code="u">http://d-nb.info/gnd/100307914</subfield>
  </datafield>
  <datafield tag="678" ind1="0" ind2=" ">
    <subfield code="a">Německý právník (Dr. iur. utr.), matematik, přírodovědec a filozof, působící v Lipsku a Halle. Byl také překladatelem odborné literatury. Pod pseudonymem „PUTONEO“ redigoval odborný časopis z oblasti práva „Enunciata et consilia juris berühmter Rechtsgelehrten, Facultäten und Schöppenstühle“ (ISSN 2509-906X, e-ISSN 2509-9078).</subfield>
  </datafield>
  <datafield tag="906" ind1=" " ind2=" ">
    <subfield code="a">za20201007</subfield>
    <subfield code="b">evbr</subfield>
  </datafield>
  <datafield tag="906" ind1=" " ind2=" ">
    <subfield code="a">ko20201007</subfield>
    <subfield code="b">evbr</subfield>
  </datafield>
</record>