

<record>
  <leader>     nz  a22     n  4500</leader>
  <controlfield tag="001">jo20201088219</controlfield>
  <controlfield tag="003">CZ PrNK</controlfield>
  <controlfield tag="005">20201007111700.0</controlfield>
  <controlfield tag="008">201007|n|aznnnaabn           n a|a      </controlfield>
  <datafield tag="040" ind1=" " ind2=" ">
    <subfield code="a">ABA001</subfield>
    <subfield code="b">cze</subfield>
    <subfield code="e">rda</subfield>
  </datafield>
  <datafield tag="046" ind1=" " ind2=" ">
    <subfield code="f">1981</subfield>
  </datafield>
  <datafield tag="100" ind1="1" ind2=" ">
    <subfield code="a">Bass, Marisa,</subfield>
    <subfield code="d">1981-</subfield>
    <subfield code="7">jo20201088219</subfield>
  </datafield>
  <datafield tag="370" ind1=" " ind2=" ">
    <subfield code="c">Spojené státy americké</subfield>
    <subfield code="f">New Haven, Connecticut</subfield>
    <subfield code="f">Yale, Iowa</subfield>
  </datafield>
  <datafield tag="372" ind1=" " ind2=" ">
    <subfield code="a">umění</subfield>
    <subfield code="a">moderní umění</subfield>
    <subfield code="a">výtvarné umění</subfield>
    <subfield code="a">nizozemské výtvarné umění</subfield>
    <subfield code="a">renesanční umění</subfield>
  </datafield>
  <datafield tag="374" ind1=" " ind2=" ">
    <subfield code="a">historičky umění</subfield>
    <subfield code="a">vysokoškolské učitelky</subfield>
  </datafield>
  <datafield tag="375" ind1=" " ind2=" ">
    <subfield code="a">žena</subfield>
  </datafield>
  <datafield tag="377" ind1=" " ind2=" ">
    <subfield code="a">eng</subfield>
  </datafield>
  <datafield tag="400" ind1="1" ind2=" ">
    <subfield code="a">Bass, Marisa Anne,</subfield>
    <subfield code="d">1981-</subfield>
    <subfield code="0">o</subfield>
  </datafield>
  <datafield tag="670" ind1=" " ind2=" ">
    <subfield code="a">Bass, Marisa Anne: Jan Gossart and the invention of Netherlandish antiquity, 2016</subfield>
    <subfield code="b">odkaz viz</subfield>
  </datafield>
  <datafield tag="670" ind1=" " ind2=" ">
    <subfield code="a">LC (Names), cit. 7. 10. 2020</subfield>
    <subfield code="b">autoritní forma, datum narození</subfield>
  </datafield>
  <datafield tag="670" ind1=" " ind2=" ">
    <subfield code="a">www(Bass, Marisa Anne - NIAS), cit. 7. 10. 2020</subfield>
    <subfield code="b">biografické údaje</subfield>
  </datafield>
  <datafield tag="670" ind1=" " ind2=" ">
    <subfield code="a">www(Marisa Bass - Department of the History of Art), cit. 7. 10. 2020</subfield>
    <subfield code="b">biografické údaje</subfield>
  </datafield>
  <datafield tag="670" ind1=" " ind2=" ">
    <subfield code="a">www(Marisa Bass - Yale University - Academia.edu), cit. 7. 10. 2020</subfield>
    <subfield code="b">biografické údaje</subfield>
  </datafield>
  <datafield tag="678" ind1="0" ind2=" ">
    <subfield code="a">Americká historička umění, vědecká pracovnice a vysokoškolská pedagožka, zaměřená na rané moderní umění v severní Evropě, především na tvůrčí a intelektuální kulturu v Nizozemsku. Konkrétně na reprezentaci přírody, kult obrazů, portrétování, renesanční představy o fantazii a invenci, žánrovou malbu a emblémy.</subfield>
  </datafield>
  <datafield tag="906" ind1=" " ind2=" ">
    <subfield code="a">br20201007</subfield>
    <subfield code="b">kurd</subfield>
  </datafield>
</record>