

<record>
  <leader>     nz  a22     n  4500</leader>
  <controlfield tag="001">kv20201088222</controlfield>
  <controlfield tag="003">CZ PrNK</controlfield>
  <controlfield tag="005">20201007114310.0</controlfield>
  <controlfield tag="008">201007|n|aznnnaabn           n a|a      </controlfield>
  <datafield tag="040" ind1=" " ind2=" ">
    <subfield code="a">KVG001</subfield>
    <subfield code="b">cze</subfield>
    <subfield code="d">ABA001</subfield>
    <subfield code="e">rda</subfield>
  </datafield>
  <datafield tag="111" ind1="2" ind2=" ">
    <subfield code="a">Hřebečenský montánní výšlap (akce)</subfield>
    <subfield code="n">(9. :</subfield>
    <subfield code="d">2020 :</subfield>
    <subfield code="c">Potůčky, Karlovy Vary, Česko)</subfield>
    <subfield code="7">kv20201088222</subfield>
  </datafield>
  <datafield tag="368" ind1=" " ind2=" ">
    <subfield code="a">turistické akce</subfield>
  </datafield>
  <datafield tag="370" ind1=" " ind2=" ">
    <subfield code="c">Česko</subfield>
    <subfield code="e">Potůčky, Karlovy Vary, Česko</subfield>
  </datafield>
  <datafield tag="372" ind1=" " ind2=" ">
    <subfield code="a">hornictví</subfield>
    <subfield code="a">těžba rud</subfield>
    <subfield code="a">doly</subfield>
  </datafield>
  <datafield tag="377" ind1=" " ind2=" ">
    <subfield code="a">cze</subfield>
  </datafield>
  <datafield tag="411" ind1="2" ind2=" ">
    <subfield code="a">Hřebečenský montánní výšlap 2020 (akce)</subfield>
    <subfield code="c">(Potůčky, Karlovy Vary, Česko)</subfield>
    <subfield code="0">o</subfield>
  </datafield>
  <datafield tag="670" ind1=" " ind2=" ">
    <subfield code="a">Nesrsta, M.: Montánní výšlap letos již podeváté. In: Měsíčník Krušné hory - západ. Roč. 9, č. 8 (srpen 2020), s. 28-29</subfield>
  </datafield>
  <datafield tag="670" ind1=" " ind2=" ">
    <subfield code="a">www (Krušné hory aktivně - 9. hřebečenský montánní výšlap), cit. 7. 10. 2020</subfield>
  </datafield>
  <datafield tag="678" ind1=" " ind2=" ">
    <subfield code="a">Výšlap po hornických zajímavostech byl 1. srpna 2020 věnován dobývání cínových, stříbrných, kobaltových, železných a uranových rud v Potůčkách a v okolí vrchu Rudná východně od obce. Pořadatelem byl Spolek přátel dolu Svatý Mauritius.</subfield>
  </datafield>
  <datafield tag="906" ind1=" " ind2=" ">
    <subfield code="a">za20201007</subfield>
    <subfield code="b">idus</subfield>
  </datafield>
  <datafield tag="906" ind1=" " ind2=" ">
    <subfield code="a">vr20201007</subfield>
    <subfield code="b">svsv</subfield>
  </datafield>
</record>