

<record>
  <leader>     nz  a22     n  4500</leader>
  <controlfield tag="001">aun20201088233</controlfield>
  <controlfield tag="003">CZ PrNK</controlfield>
  <controlfield tag="005">20201007120818.0</controlfield>
  <controlfield tag="008">201007|n|aznnnaabn           n a|a      </controlfield>
  <datafield tag="040" ind1=" " ind2=" ">
    <subfield code="a">ABA001</subfield>
    <subfield code="b">cze</subfield>
    <subfield code="e">rda</subfield>
  </datafield>
  <datafield tag="100" ind1="1" ind2=" ">
    <subfield code="a">Latour, Bruno,</subfield>
    <subfield code="d">1947-</subfield>
    <subfield code="t">Où atterrir?.</subfield>
    <subfield code="l">Česky</subfield>
    <subfield code="7">aun20201088233</subfield>
  </datafield>
  <datafield tag="400" ind1="1" ind2=" ">
    <subfield code="a">Latour, Bruno.</subfield>
    <subfield code="t">Zpátky na zem</subfield>
    <subfield code="0">o</subfield>
  </datafield>
  <datafield tag="670" ind1=" " ind2=" ">
    <subfield code="a">Zpátky na zem : jak se vyznat v politice Nového klimatického režimu / Bruno Latour. Praha : Neklid, 2020</subfield>
  </datafield>
  <datafield tag="670" ind1=" " ind2=" ">
    <subfield code="a">BNF</subfield>
  </datafield>
  <datafield tag="670" ind1=" " ind2=" ">
    <subfield code="a">www(Wikipédia, l'encyclopédie libre)</subfield>
  </datafield>
  <datafield tag="906" ind1=" " ind2=" ">
    <subfield code="a">br20201007</subfield>
    <subfield code="b">juri</subfield>
  </datafield>
  <datafield tag="906" ind1=" " ind2=" ">
    <subfield code="a">ks20201007</subfield>
    <subfield code="b">juri</subfield>
  </datafield>
</record>