

<record>
  <leader>     nz  a22     n  4500</leader>
  <datafield tag="900" ind1=" " ind2=" ">
    <subfield code="a">J-NÁVRH</subfield>
  </datafield>
  <controlfield tag="001">uk20201088242</controlfield>
  <controlfield tag="003">CZ PrNK</controlfield>
  <controlfield tag="005">20201007130950.0</controlfield>
  <controlfield tag="008">201007|n|aznnnaabn           n a|a      </controlfield>
  <datafield tag="040" ind1=" " ind2=" ">
    <subfield code="a">ABD156</subfield>
    <subfield code="b">cze</subfield>
    <subfield code="e">rda</subfield>
  </datafield>
  <datafield tag="046" ind1=" " ind2=" ">
    <subfield code="f">1966</subfield>
  </datafield>
  <datafield tag="100" ind1="1" ind2=" ">
    <subfield code="a">Zee, Th. S. M. van der,</subfield>
    <subfield code="d">1966-</subfield>
    <subfield code="7">uk20201088242</subfield>
  </datafield>
  <datafield tag="370" ind1=" " ind2=" ">
    <subfield code="c">Nizozemsko</subfield>
  </datafield>
  <datafield tag="372" ind1=" " ind2=" ">
    <subfield code="a">religionistika</subfield>
    <subfield code="a">náboženské vzdělávání</subfield>
    <subfield code="a">praktická teologie</subfield>
    <subfield code="a">katolická teologie</subfield>
  </datafield>
  <datafield tag="373" ind1=" " ind2=" ">
    <subfield code="a">Radboud Universiteit Nijmegen</subfield>
  </datafield>
  <datafield tag="374" ind1=" " ind2=" ">
    <subfield code="a">středoškolští učitelé</subfield>
    <subfield code="a">vysokoškolští učitelé</subfield>
    <subfield code="a">religionisté</subfield>
    <subfield code="a">teologové</subfield>
  </datafield>
  <datafield tag="375" ind1=" " ind2=" ">
    <subfield code="a">muž</subfield>
  </datafield>
  <datafield tag="377" ind1=" " ind2=" ">
    <subfield code="a">dut</subfield>
    <subfield code="a">eng</subfield>
  </datafield>
  <datafield tag="400" ind1="1" ind2=" ">
    <subfield code="a">Zee, Theo S. M. van der,</subfield>
    <subfield code="d">1966-</subfield>
    <subfield code="0">o</subfield>
  </datafield>
  <datafield tag="400" ind1="1" ind2=" ">
    <subfield code="a">Zee, Theodorus Simon Maria van der,</subfield>
    <subfield code="d">1966-</subfield>
    <subfield code="0">o</subfield>
  </datafield>
  <datafield tag="400" ind1="1" ind2=" ">
    <subfield code="a">Zee, Theo van der,</subfield>
    <subfield code="d">1966-</subfield>
    <subfield code="0">o</subfield>
  </datafield>
  <datafield tag="670" ind1=" " ind2=" ">
    <subfield code="a">KB - NBN, cit. 7. 10. 2020</subfield>
    <subfield code="b">autoritní forma, odkazy viz, datum narození, biografické údaje</subfield>
  </datafield>
  <datafield tag="670" ind1=" " ind2=" ">
    <subfield code="a">www(Radboud University Nijmegen - Academia edu</subfield>
  </datafield>
  <datafield tag="670" ind1=" " ind2=" ">
    <subfield code="a">www(LinkedIn), cit. 7. 10. 2020</subfield>
    <subfield code="b">biografické údaje</subfield>
  </datafield>
  <datafield tag="670" ind1=" " ind2=" ">
    <subfield code="a">New perspectives on religious and spiritual education (edited by Theo van der Zee and Terence J. Lovat), 2012</subfield>
  </datafield>
  <datafield tag="678" ind1="0" ind2=" ">
    <subfield code="a">Nizozemský katolický praktický teolog, religionista, vysokoškolský učitel, specializuje se na náboženské vzdělávání.</subfield>
  </datafield>
  <datafield tag="906" ind1=" " ind2=" ">
    <subfield code="a">za20201007</subfield>
    <subfield code="b">ruzena</subfield>
  </datafield>
</record>