

<record>
  <leader>     nz  a22     n  4500</leader>
  <controlfield tag="001">jo20201088244</controlfield>
  <controlfield tag="003">CZ PrNK</controlfield>
  <controlfield tag="005">20201007125102.0</controlfield>
  <controlfield tag="008">201007|n|aznnnaabn           n a|a      </controlfield>
  <datafield tag="040" ind1=" " ind2=" ">
    <subfield code="a">ABA001</subfield>
    <subfield code="b">cze</subfield>
    <subfield code="e">rda</subfield>
  </datafield>
  <datafield tag="046" ind1=" " ind2=" ">
    <subfield code="f">1883</subfield>
    <subfield code="g">1965</subfield>
  </datafield>
  <datafield tag="100" ind1="1" ind2=" ">
    <subfield code="a">Debenham, Frank,</subfield>
    <subfield code="d">1883-1965</subfield>
    <subfield code="7">jo20201088244</subfield>
  </datafield>
  <datafield tag="370" ind1=" " ind2=" ">
    <subfield code="c">Austrálie</subfield>
    <subfield code="c">Velká Británie</subfield>
    <subfield code="c">Antarktida</subfield>
    <subfield code="f">Cambridge, Anglie</subfield>
  </datafield>
  <datafield tag="372" ind1=" " ind2=" ">
    <subfield code="a">geografie</subfield>
    <subfield code="a">výzkumné expedice</subfield>
    <subfield code="a">kartografie</subfield>
  </datafield>
  <datafield tag="374" ind1=" " ind2=" ">
    <subfield code="a">geografové</subfield>
    <subfield code="a">vědci</subfield>
    <subfield code="a">kartografové</subfield>
    <subfield code="a">vysokoškolští učitelé</subfield>
  </datafield>
  <datafield tag="375" ind1=" " ind2=" ">
    <subfield code="a">muž</subfield>
  </datafield>
  <datafield tag="377" ind1=" " ind2=" ">
    <subfield code="a">eng</subfield>
  </datafield>
  <datafield tag="670" ind1=" " ind2=" ">
    <subfield code="a">Debenham, Frank: Die Erforschung der Welt :6000 Jahre mussten vergehen - Entdeckung und Erforschung unserer Erde von den Anfängen bis heute, [ne před 1970]</subfield>
  </datafield>
  <datafield tag="670" ind1=" " ind2=" ">
    <subfield code="a">LC (Names), cit. 7. 10. 2020</subfield>
    <subfield code="b">autoritní forma, datum narození, biografické údaje</subfield>
  </datafield>
  <datafield tag="670" ind1=" " ind2=" ">
    <subfield code="a">www(Wikipedia, the free encyclopedia), cit. 7. 10. 2020</subfield>
    <subfield code="b">biografické údaje</subfield>
    <subfield code="u">https://en.wikipedia.org/wiki/Frank_Debenham</subfield>
  </datafield>
  <datafield tag="678" ind1="0" ind2=" ">
    <subfield code="a">Australský vědec, výzkumník, geograf v britské expedici na Antarktidě. Vysokoškolský pedagog, kartograf. První ředitel vzdělávacího centra Scott Polar Research Institute.</subfield>
  </datafield>
  <datafield tag="906" ind1=" " ind2=" ">
    <subfield code="a">br20201007</subfield>
    <subfield code="b">kurd</subfield>
  </datafield>
</record>