

<record>
  <leader>     cz  a22     n  4500</leader>
  <controlfield tag="001">ko20201088249</controlfield>
  <controlfield tag="003">CZ PrNK</controlfield>
  <controlfield tag="005">20201008100347.0</controlfield>
  <controlfield tag="008">201007|n|aznnnaabn           n a|a      </controlfield>
  <datafield tag="040" ind1=" " ind2=" ">
    <subfield code="a">ABA001</subfield>
    <subfield code="b">cze</subfield>
    <subfield code="d">ABA001</subfield>
    <subfield code="e">rda</subfield>
  </datafield>
  <datafield tag="111" ind1="2" ind2=" ">
    <subfield code="a">International Conference Building Materials, Products and Technologies</subfield>
    <subfield code="7">ko20201088249</subfield>
  </datafield>
  <datafield tag="MOR" ind1="1" ind2=" ">
    <subfield code="a">Building Materials, Productsand Technologies (konference)</subfield>
    <subfield code="7">ko20201088249</subfield>
  </datafield>
  <datafield tag="368" ind1=" " ind2=" ">
    <subfield code="a">konference</subfield>
    <subfield code="a">mezinárodní konference</subfield>
  </datafield>
  <datafield tag="370" ind1=" " ind2=" ">
    <subfield code="c">Česko</subfield>
  </datafield>
  <datafield tag="372" ind1=" " ind2=" ">
    <subfield code="a">stavební výrobky</subfield>
    <subfield code="a">stavební materiály</subfield>
    <subfield code="a">stavební technologie</subfield>
    <subfield code="a">stavebnictví</subfield>
  </datafield>
  <datafield tag="377" ind1=" " ind2=" ">
    <subfield code="a">cze</subfield>
    <subfield code="a">eng</subfield>
  </datafield>
  <datafield tag="410" ind1="2" ind2=" ">
    <subfield code="a">Výzkumný ústav stavebních hmot.</subfield>
    <subfield code="b">Conference "Building Materials, Products and Technologies"</subfield>
    <subfield code="0">o</subfield>
  </datafield>
  <datafield tag="410" ind1="2" ind2=" ">
    <subfield code="a">Výzkumný ústav stavebních hmot.</subfield>
    <subfield code="b">International Conference "Building Materials, Products and Technologies"</subfield>
    <subfield code="0">o</subfield>
  </datafield>
  <datafield tag="410" ind1="2" ind2=" ">
    <subfield code="a">Výzkumný ústav stavebních hmot.</subfield>
    <subfield code="b">Stavební materiály, výrobky a technologie (konference)</subfield>
    <subfield code="2">czecze</subfield>
    <subfield code="0">o</subfield>
  </datafield>
  <datafield tag="410" ind1="2" ind2=" ">
    <subfield code="a">Výzkumný ústav stavebních hmot.</subfield>
    <subfield code="b">Konference "Stavební materiály, výrobky a technologie"</subfield>
    <subfield code="2">czecze</subfield>
    <subfield code="0">o</subfield>
  </datafield>
  <datafield tag="411" ind1="2" ind2=" ">
    <subfield code="a">ICBMPT - International Conference Building Materials, Products and Technologies</subfield>
    <subfield code="0">o</subfield>
  </datafield>
  <datafield tag="411" ind1="2" ind2=" ">
    <subfield code="a">Mezinárodní konference ICBMPT</subfield>
    <subfield code="2">czecze</subfield>
    <subfield code="0">o</subfield>
  </datafield>
  <datafield tag="411" ind1="2" ind2=" ">
    <subfield code="a">Conference of Research Institute for Building Materials "Building Materials, Products and Technologies"</subfield>
    <subfield code="0">o</subfield>
  </datafield>
  <datafield tag="411" ind1="2" ind2=" ">
    <subfield code="a">Konference Výzkumného ústavu stavebních hmot "Stavební materiály, výrobky a technologie"</subfield>
    <subfield code="2">czecze</subfield>
    <subfield code="0">o</subfield>
  </datafield>
  <datafield tag="411" ind1="2" ind2=" ">
    <subfield code="a">ICBMPT</subfield>
    <subfield code="0">o</subfield>
  </datafield>
  <datafield tag="411" ind1="2" ind2=" ">
    <subfield code="a">Stavební materiály, výrobky a technologie (konference)</subfield>
    <subfield code="2">czecze</subfield>
    <subfield code="0">o</subfield>
  </datafield>
  <datafield tag="411" ind1="2" ind2=" ">
    <subfield code="a">Building Materials, Products and Technologies (konference)</subfield>
    <subfield code="0">o</subfield>
  </datafield>
  <datafield tag="511" ind1="2" ind2=" ">
    <subfield code="w">a</subfield>
    <subfield code="a">Ekologie a nové stavební hmoty a výrobky (konference)</subfield>
    <subfield code="7">kn20050919009</subfield>
  </datafield>
  <datafield tag="665" ind1=" " ind2=" ">
    <subfield code="a">Dřívější název: Ekologie a nové stavební hmoty a výrobky (do r. 2018).</subfield>
  </datafield>
  <datafield tag="667" ind1=" " ind2=" ">
    <subfield code="a">Průběžné číslování konferencí pokračuje i pozměně názvu.</subfield>
  </datafield>
  <datafield tag="670" ind1=" " ind2=" ">
    <subfield code="a">ICBMPT ... : International Conference Building Materials, Products and Technologies : ... conference of Research Institute for Building Materials : ...</subfield>
  </datafield>
  <datafield tag="670" ind1=" " ind2=" ">
    <subfield code="a">www(Výzkumný ústav stavebních hmot - Z historie mezinárodní konference Výzkumného ústavu stavebních hmot, a.s.), cit. 8. 10. 2020</subfield>
    <subfield code="u">http://www.vustah.cz/odborne-akce/mezinarodni-konference/</subfield>
  </datafield>
  <datafield tag="906" ind1=" " ind2=" ">
    <subfield code="a">za20201007</subfield>
    <subfield code="b">kahr</subfield>
  </datafield>
  <datafield tag="906" ind1=" " ind2=" ">
    <subfield code="a">oz20201008</subfield>
    <subfield code="b">svsv</subfield>
    <subfield code="c">Záhlaví - oprava; Viz - oprava; URL - oprava; Zdroj - oprava; Viz též - nově; Interní poznámka - nově; Komplexní poznámka - nově; Další info - nově; Související místo - nově; Oblast působení - nově; Jazyk - nově</subfield>
  </datafield>
</record>