

<record>
  <leader>     nz  a22     n  4500</leader>
  <controlfield tag="001">jo20201088256</controlfield>
  <controlfield tag="003">CZ PrNK</controlfield>
  <controlfield tag="005">20201007130404.0</controlfield>
  <controlfield tag="008">201007|n|aznnnaabn           n a|a      </controlfield>
  <datafield tag="040" ind1=" " ind2=" ">
    <subfield code="a">ABA001</subfield>
    <subfield code="b">cze</subfield>
    <subfield code="e">rda</subfield>
  </datafield>
  <datafield tag="100" ind1="1" ind2=" ">
    <subfield code="a">Drlje, Marin</subfield>
    <subfield code="7">jo20201088256</subfield>
  </datafield>
  <datafield tag="368" ind1=" " ind2=" ">
    <subfield code="d">MA, Sveuciliste u Zagrebu (Financial and Business Mathematics)</subfield>
    <subfield code="s">2014</subfield>
  </datafield>
  <datafield tag="368" ind1=" " ind2=" ">
    <subfield code="d">BA, Sveuciliste u Zagrebu (Mathematics)</subfield>
    <subfield code="s">2011</subfield>
  </datafield>
  <datafield tag="370" ind1=" " ind2=" ">
    <subfield code="c">Chorvatsko</subfield>
    <subfield code="f">Záhřeb, Chorvatsko</subfield>
    <subfield code="f">Praha, Česko</subfield>
  </datafield>
  <datafield tag="372" ind1=" " ind2=" ">
    <subfield code="a">analýza dat</subfield>
    <subfield code="a">ekonometrie</subfield>
    <subfield code="a">ekonomická analýza</subfield>
    <subfield code="a">finanční analýza</subfield>
    <subfield code="a">statistická analýza</subfield>
    <subfield code="a">vzdělávací systémy</subfield>
  </datafield>
  <datafield tag="373" ind1=" " ind2=" ">
    <subfield code="a">CERGE-EI</subfield>
    <subfield code="s">2018</subfield>
    <subfield code="t">2020</subfield>
  </datafield>
  <datafield tag="374" ind1=" " ind2=" ">
    <subfield code="a">finanční analytici</subfield>
    <subfield code="a">matematici</subfield>
    <subfield code="a">vědci</subfield>
  </datafield>
  <datafield tag="375" ind1=" " ind2=" ">
    <subfield code="a">muž</subfield>
  </datafield>
  <datafield tag="377" ind1=" " ind2=" ">
    <subfield code="a">eng</subfield>
  </datafield>
  <datafield tag="670" ind1=" " ind2=" ">
    <subfield code="a">Drlje, Marin. Identification of school admission effects using propensity scores based on a matching market structure. Prague: CERGE-EI, 2020. Working paper series, 658</subfield>
    <subfield code="b">autoritní forma</subfield>
  </datafield>
  <datafield tag="670" ind1=" " ind2=" ">
    <subfield code="a">www(Marin Drlje - Data Analyst. In: LinkedIn), cit. 7. 10. 2020</subfield>
    <subfield code="b">biografické údaje</subfield>
  </datafield>
  <datafield tag="670" ind1=" " ind2=" ">
    <subfield code="a">www(Kako od fakulteta do svog prvog radnog mjesta? In: STEM Games.hr), 14. 7. 2020, cit. 7. 10. 2020</subfield>
    <subfield code="b">biografické údaje</subfield>
  </datafield>
  <datafield tag="675" ind1=" " ind2=" ">
    <subfield code="a">www(Nacionalna i sveučilišna knjižnica u Zagrebu), cit. 7. 10. 2020</subfield>
  </datafield>
  <datafield tag="678" ind1="0" ind2=" ">
    <subfield code="a">Chorvatský datový analytik, specializace na ekonometrii, finanční a predikční analytiku, statistickou analýzu vzdělávacích systémů, geoprostorovou analýzu.</subfield>
  </datafield>
  <datafield tag="906" ind1=" " ind2=" ">
    <subfield code="a">br20201007</subfield>
    <subfield code="b">beba</subfield>
  </datafield>
</record>