

<record>
  <leader>     nz  a22     n  4500</leader>
  <datafield tag="900" ind1=" " ind2=" ">
    <subfield code="a">J-NÁVRH</subfield>
  </datafield>
  <controlfield tag="001">ntk20201088294</controlfield>
  <controlfield tag="003">CZ PrNK</controlfield>
  <controlfield tag="005">20201007165347.0</controlfield>
  <controlfield tag="008">201007|n|aznnnaabn           n a|a      </controlfield>
  <datafield tag="024" ind1="7" ind2=" ">
    <subfield code="a">0000000060501852</subfield>
    <subfield code="2">isni</subfield>
  </datafield>
  <datafield tag="024" ind1="7" ind2=" ">
    <subfield code="a">0000000117665621</subfield>
    <subfield code="2">isni</subfield>
  </datafield>
  <datafield tag="024" ind1="7" ind2=" ">
    <subfield code="a">0000-0002-6586-8113</subfield>
    <subfield code="2">orcid</subfield>
  </datafield>
  <datafield tag="024" ind1="7" ind2=" ">
    <subfield code="a">Q43320295</subfield>
    <subfield code="2">wikidata</subfield>
  </datafield>
  <datafield tag="040" ind1=" " ind2=" ">
    <subfield code="a">ABA013</subfield>
    <subfield code="b">cze</subfield>
    <subfield code="e">rda</subfield>
  </datafield>
  <datafield tag="100" ind1="1" ind2=" ">
    <subfield code="a">Sastre, Ana M.</subfield>
    <subfield code="7">ntk20201088294</subfield>
  </datafield>
  <datafield tag="368" ind1=" " ind2=" ">
    <subfield code="d">Ph.D.</subfield>
    <subfield code="s">1982</subfield>
  </datafield>
  <datafield tag="370" ind1=" " ind2=" ">
    <subfield code="c">Španělsko</subfield>
  </datafield>
  <datafield tag="372" ind1=" " ind2=" ">
    <subfield code="a">chemie</subfield>
    <subfield code="a">chemické inženýrství</subfield>
    <subfield code="a">membránové procesy</subfield>
    <subfield code="a">extrakce (chemie)</subfield>
  </datafield>
  <datafield tag="373" ind1=" " ind2=" ">
    <subfield code="a">Universidad Politécnica de Catalunya</subfield>
    <subfield code="s">1999</subfield>
  </datafield>
  <datafield tag="374" ind1=" " ind2=" ">
    <subfield code="a">chemičky</subfield>
    <subfield code="a">vysokoškolské učitelky</subfield>
    <subfield code="a">vědkyně</subfield>
  </datafield>
  <datafield tag="375" ind1=" " ind2=" ">
    <subfield code="a">žena</subfield>
  </datafield>
  <datafield tag="377" ind1=" " ind2=" ">
    <subfield code="a">spa</subfield>
    <subfield code="a">eng</subfield>
  </datafield>
  <datafield tag="400" ind1="1" ind2=" ">
    <subfield code="a">Sastre Requena, Ana Maria</subfield>
    <subfield code="0">o</subfield>
  </datafield>
  <datafield tag="400" ind1="1" ind2=" ">
    <subfield code="a">Sastre, Ana</subfield>
    <subfield code="0">o</subfield>
  </datafield>
  <datafield tag="400" ind1="1" ind2=" ">
    <subfield code="a">Sastre, A. M.</subfield>
    <subfield code="0">o</subfield>
  </datafield>
  <datafield tag="400" ind1="1" ind2=" ">
    <subfield code="a">Sastre, Ana Maria</subfield>
    <subfield code="0">o</subfield>
  </datafield>
  <datafield tag="400" ind1="1" ind2=" ">
    <subfield code="a">Sastre, Ana-María</subfield>
    <subfield code="0">o</subfield>
  </datafield>
  <datafield tag="670" ind1=" " ind2=" ">
    <subfield code="a">Pabby, Anil K. - Rizvi, Syed S.H. - Sastre, Ana Maria (eds.): Handbook of membrane separation, c2015</subfield>
    <subfield code="b">biografické a profesní údaje</subfield>
  </datafield>
  <datafield tag="670" ind1=" " ind2=" ">
    <subfield code="a">BNE, cit. 7. 10. 2020</subfield>
    <subfield code="b">autoritní forma, odkazy viz</subfield>
  </datafield>
  <datafield tag="670" ind1=" " ind2=" ">
    <subfield code="a">www(Orcid), cit. 7. 10. 2020</subfield>
    <subfield code="b">odkazy viz, profesní údaje</subfield>
  </datafield>
  <datafield tag="670" ind1=" " ind2=" ">
    <subfield code="a">www(wikidata), cit. 7. 10. 2020</subfield>
    <subfield code="b">odkaz viz, národnost</subfield>
  </datafield>
  <datafield tag="678" ind1="0" ind2=" ">
    <subfield code="a">Španělská chemička, vysokoškolská pedagožka a výzkumná pracovnice se zaměřením na chemickou technologii, membránové procesy a chemické inženýrství. Její výzkum zahrnuje extrakci rozpouštědly a membránové technologie. Též se zabývá environmentálně vhodnýmí technologiemi. Publikace v oboru.</subfield>
  </datafield>
  <datafield tag="906" ind1=" " ind2=" ">
    <subfield code="a">za20201007</subfield>
    <subfield code="b">pavk</subfield>
  </datafield>
  <datafield tag="906" ind1=" " ind2=" ">
    <subfield code="a">ko20201007</subfield>
    <subfield code="b">msis</subfield>
  </datafield>
</record>