

<record>
  <leader>     nz  a22     n  4500</leader>
  <controlfield tag="001">aun20201088306</controlfield>
  <controlfield tag="003">CZ PrNK</controlfield>
  <controlfield tag="005">20201007144137.0</controlfield>
  <controlfield tag="008">201007|n|aznnnaabn           n a|a      </controlfield>
  <datafield tag="040" ind1=" " ind2=" ">
    <subfield code="a">ABA001</subfield>
    <subfield code="b">cze</subfield>
    <subfield code="e">rda</subfield>
  </datafield>
  <datafield tag="100" ind1="1" ind2=" ">
    <subfield code="a">Stalker, James,</subfield>
    <subfield code="d">1848-1927.</subfield>
    <subfield code="t">Imago Christi.</subfield>
    <subfield code="l">Česky</subfield>
    <subfield code="7">aun20201088306</subfield>
  </datafield>
  <datafield tag="400" ind1="1" ind2=" ">
    <subfield code="a">Stalker, James,</subfield>
    <subfield code="d">1848-1927.</subfield>
    <subfield code="t">Příklad Ježíše Krista</subfield>
    <subfield code="0">o</subfield>
  </datafield>
  <datafield tag="670" ind1=" " ind2=" ">
    <subfield code="a">Jakuba Stalkera Imago Christi = Příklad Ježíše Krista. V Praze : vydáním a nákladem Comenia, evangelické matice Komenského, 1901</subfield>
  </datafield>
  <datafield tag="670" ind1=" " ind2=" ">
    <subfield code="a">LC (Names)</subfield>
  </datafield>
  <datafield tag="906" ind1=" " ind2=" ">
    <subfield code="a">br20201007</subfield>
    <subfield code="b">juri</subfield>
  </datafield>
  <datafield tag="906" ind1=" " ind2=" ">
    <subfield code="a">ks20201007</subfield>
    <subfield code="b">juri</subfield>
  </datafield>
</record>