

<record>
  <leader>     nz  a22     n  4500</leader>
  <controlfield tag="001">jo20201088316</controlfield>
  <controlfield tag="003">CZ PrNK</controlfield>
  <controlfield tag="005">20201007150816.0</controlfield>
  <controlfield tag="008">201007|n|aznnnaabn           n a|a      </controlfield>
  <datafield tag="040" ind1=" " ind2=" ">
    <subfield code="a">ABA001</subfield>
    <subfield code="b">cze</subfield>
    <subfield code="e">rda</subfield>
  </datafield>
  <datafield tag="046" ind1=" " ind2=" ">
    <subfield code="f">1960</subfield>
  </datafield>
  <datafield tag="100" ind1="1" ind2=" ">
    <subfield code="a">Hache-Bissette, Françoise,</subfield>
    <subfield code="d">1960-</subfield>
    <subfield code="7">jo20201088316</subfield>
  </datafield>
  <datafield tag="370" ind1=" " ind2=" ">
    <subfield code="c">Francie</subfield>
    <subfield code="f">Paříž, Francie</subfield>
  </datafield>
  <datafield tag="372" ind1=" " ind2=" ">
    <subfield code="a">komunikační dovednosti</subfield>
    <subfield code="a">marketingová komunikace</subfield>
    <subfield code="a">média</subfield>
    <subfield code="a">gastronomie</subfield>
    <subfield code="a">kulturní průmysl</subfield>
    <subfield code="a">kulturní dějiny</subfield>
  </datafield>
  <datafield tag="374" ind1=" " ind2=" ">
    <subfield code="a">vysokoškolské učitelky</subfield>
  </datafield>
  <datafield tag="375" ind1=" " ind2=" ">
    <subfield code="a">žena</subfield>
  </datafield>
  <datafield tag="377" ind1=" " ind2=" ">
    <subfield code="a">fre</subfield>
  </datafield>
  <datafield tag="400" ind1="1" ind2=" ">
    <subfield code="a">Bissette, Françoise Hache-,</subfield>
    <subfield code="d">1960-</subfield>
    <subfield code="0">o</subfield>
  </datafield>
  <datafield tag="400" ind1="1" ind2=" ">
    <subfield code="a">Hache, Françoise,</subfield>
    <subfield code="d">1960-</subfield>
    <subfield code="0">o</subfield>
  </datafield>
  <datafield tag="670" ind1=" " ind2=" ">
    <subfield code="a">Saillard, Denis - Hache-Bissette, Françoise: Restaurants historiques de Paris :de la fin de l'Ancien Régime aux années 1930, 2019</subfield>
  </datafield>
  <datafield tag="670" ind1=" " ind2=" ">
    <subfield code="a">BNF, cit. 7. 10. 2020</subfield>
    <subfield code="b">autoritní forma, datum narození, odkazy viz, biografické údaje</subfield>
  </datafield>
  <datafield tag="670" ind1=" " ind2=" ">
    <subfield code="a">www(Université de Versailles Saint-Quentin-en-Yvelines (UVSQ) - MME Hache-Bissette Françoise), cit. 7. 10. 2020</subfield>
    <subfield code="b">biografické údaje</subfield>
  </datafield>
  <datafield tag="678" ind1="0" ind2=" ">
    <subfield code="a">Francouzská profesorka informačních a komunikačních věd. Výzkumná pracovnice při Centru pro kulturní dějiny současných společností. Manažerka komunikace pro vědecká pracoviště a společnosti. Zaměřena na globální komunikační strategie, kulturní marketing, kulturní průmysl, gastronomii. Autorka odborných článků a publikací z oboru.</subfield>
  </datafield>
  <datafield tag="906" ind1=" " ind2=" ">
    <subfield code="a">br20201007</subfield>
    <subfield code="b">kurd</subfield>
  </datafield>
</record>