

<record>
  <leader>     nz  a22     n  4500</leader>
  <controlfield tag="001">unn20201088331</controlfield>
  <controlfield tag="003">CZ PrNK</controlfield>
  <controlfield tag="005">20201007174133.0</controlfield>
  <controlfield tag="008">201007|n|aznnnaabn           n a|a      </controlfield>
  <datafield tag="040" ind1=" " ind2=" ">
    <subfield code="a">ABA001</subfield>
    <subfield code="b">cze</subfield>
    <subfield code="e">rda</subfield>
  </datafield>
  <datafield tag="046" ind1=" " ind2=" ">
    <subfield code="k">2004</subfield>
  </datafield>
  <datafield tag="130" ind1=" " ind2="0">
    <subfield code="a">Vinohradská 12 (podcast)</subfield>
    <subfield code="7">unn20201088331</subfield>
  </datafield>
  <datafield tag="370" ind1=" " ind2=" ">
    <subfield code="g">Praha, Česko</subfield>
  </datafield>
  <datafield tag="372" ind1=" " ind2=" ">
    <subfield code="a">investigativní žurnalistika</subfield>
    <subfield code="a">zpravodajství</subfield>
    <subfield code="a">politika</subfield>
  </datafield>
  <datafield tag="380" ind1=" " ind2=" ">
    <subfield code="a">podcasty</subfield>
    <subfield code="a">rozhlasové pořady</subfield>
  </datafield>
  <datafield tag="500" ind1="1" ind2=" ">
    <subfield code="w">r</subfield>
    <subfield code="i">Tvůrce:</subfield>
    <subfield code="a">Kabrhelová, Lenka</subfield>
    <subfield code="7">xx0235515</subfield>
    <subfield code="4">cre</subfield>
  </datafield>
  <datafield tag="510" ind1="2" ind2=" ">
    <subfield code="w">r</subfield>
    <subfield code="i">Produkce:</subfield>
    <subfield code="a">Český rozhlas</subfield>
    <subfield code="7">ko2002101932</subfield>
    <subfield code="4">pro</subfield>
  </datafield>
  <datafield tag="670" ind1=" " ind2=" ">
    <subfield code="a">www(Český rozhlas), cit. 7. 10. 2020</subfield>
  </datafield>
  <datafield tag="678" ind1=" " ind2=" ">
    <subfield code="a">Zpravodajský podcast Českého rozhlasu přinášející aktuální informace o domácích i světových událostech.</subfield>
  </datafield>
  <datafield tag="856" ind1="4" ind2="2">
    <subfield code="u">https://www.irozhlas.cz/vinohradska12</subfield>
    <subfield code="4">N</subfield>
  </datafield>
  <datafield tag="906" ind1=" " ind2=" ">
    <subfield code="a">br20201007</subfield>
    <subfield code="b">maba</subfield>
  </datafield>
</record>