

<record>
  <leader>     nz  a22     n  4500</leader>
  <datafield tag="900" ind1=" " ind2=" ">
    <subfield code="a">N-NÁVRH-VP</subfield>
  </datafield>
  <controlfield tag="001">unn20201088356</controlfield>
  <controlfield tag="003">CZ PrNK</controlfield>
  <controlfield tag="005">20201008085535.0</controlfield>
  <controlfield tag="008">201008|n|acnnnaabn           n a|a      </controlfield>
  <datafield tag="040" ind1=" " ind2=" ">
    <subfield code="a">BOA001</subfield>
    <subfield code="b">cze</subfield>
  </datafield>
  <datafield tag="130" ind1=" " ind2="0">
    <subfield code="a">Full Moon (časopis)</subfield>
    <subfield code="7">unn20201088356</subfield>
  </datafield>
  <datafield tag="670" ind1=" " ind2=" ">
    <subfield code="a">Pařízek, Michal: Uprostřed příběhu, 2020</subfield>
  </datafield>
  <datafield tag="680" ind1=" " ind2=" ">
    <subfield code="i">Český multižánrový hudební magazín. Vychází pravidelně od roku 2010 a reflektuje hudební scénu u nás i v zahraničí, s přesahy do filmu, komiksu, literatury či designu.</subfield>
  </datafield>
  <datafield tag="906" ind1=" " ind2=" ">
    <subfield code="a">za20201009</subfield>
    <subfield code="b">mikujo</subfield>
  </datafield>
</record>