

<record>
  <leader>     nz  a22     n  4500</leader>
  <controlfield tag="001">xx0252523</controlfield>
  <controlfield tag="003">CZ PrNK</controlfield>
  <controlfield tag="005">20201009080118.0</controlfield>
  <controlfield tag="008">201008|n|aznnnaabn           n a|a      </controlfield>
  <datafield tag="040" ind1=" " ind2=" ">
    <subfield code="a">ABA008</subfield>
    <subfield code="b">cze</subfield>
    <subfield code="d">ABA001</subfield>
    <subfield code="e">rda</subfield>
  </datafield>
  <datafield tag="100" ind1="1" ind2=" ">
    <subfield code="a">Pospíšilová, Eliška</subfield>
    <subfield code="7">xx0252523</subfield>
  </datafield>
  <datafield tag="368" ind1=" " ind2=" ">
    <subfield code="d">Ing.</subfield>
  </datafield>
  <datafield tag="370" ind1=" " ind2=" ">
    <subfield code="c">Česko</subfield>
  </datafield>
  <datafield tag="372" ind1=" " ind2=" ">
    <subfield code="a">laboratorní diagnostika</subfield>
  </datafield>
  <datafield tag="375" ind1=" " ind2=" ">
    <subfield code="a">žena</subfield>
  </datafield>
  <datafield tag="377" ind1=" " ind2=" ">
    <subfield code="a">cze</subfield>
  </datafield>
  <datafield tag="670" ind1=" " ind2=" ">
    <subfield code="a">Pospíšilová, Eliška ... [et al.]: Potenciální využití cirkulujících nádorových buněk v klinické praxi. Postgraduální medicína, 2018, roč. 20, š. 2, s. 179-188.</subfield>
    <subfield code="b">autoritní forma</subfield>
  </datafield>
  <datafield tag="670" ind1=" " ind2=" ">
    <subfield code="a">www(Výroční zpráva o činnosti 3. LF UK za rok 2015), cit. 8. 10. 2020</subfield>
    <subfield code="b">profesní data</subfield>
  </datafield>
  <datafield tag="678" ind1="0" ind2=" ">
    <subfield code="a">Ing., odborná pracovnice v laboratorních metodách (Ústav laboratorní diagnostiky, 3. lékařská fakulta UK a Fakultní nemocnice Královské Vinohrady).</subfield>
  </datafield>
  <datafield tag="906" ind1=" " ind2=" ">
    <subfield code="a">za20201008</subfield>
    <subfield code="b">xlufr</subfield>
  </datafield>
  <datafield tag="906" ind1=" " ind2=" ">
    <subfield code="a">fr20201009</subfield>
    <subfield code="b">lisi</subfield>
  </datafield>
</record>