

<record>
  <leader>     nz  a22     n  4500</leader>
  <datafield tag="900" ind1=" " ind2=" ">
    <subfield code="a">J-NÁVRH-STT</subfield>
  </datafield>
  <controlfield tag="001">ntk20201088365</controlfield>
  <controlfield tag="003">CZ PrNK</controlfield>
  <controlfield tag="005">20201008094601.0</controlfield>
  <controlfield tag="008">201008|n|aznnnaabn           n a|a      </controlfield>
  <datafield tag="024" ind1="7" ind2=" ">
    <subfield code="a">0000000378201630</subfield>
    <subfield code="2">isni</subfield>
  </datafield>
  <datafield tag="024" ind1="7" ind2=" ">
    <subfield code="a">Q85087313</subfield>
    <subfield code="2">wikidata</subfield>
  </datafield>
  <datafield tag="040" ind1=" " ind2=" ">
    <subfield code="a">ABA013</subfield>
    <subfield code="b">cze</subfield>
    <subfield code="e">rda</subfield>
  </datafield>
  <datafield tag="046" ind1=" " ind2=" ">
    <subfield code="f">1738</subfield>
    <subfield code="g">1795</subfield>
  </datafield>
  <datafield tag="100" ind1="1" ind2=" ">
    <subfield code="a">Segner, Johann Wilhelm von,</subfield>
    <subfield code="d">1738-1795</subfield>
    <subfield code="7">ntk20201088365</subfield>
  </datafield>
  <datafield tag="370" ind1=" " ind2=" ">
    <subfield code="a">Göttingen, Německo</subfield>
    <subfield code="c">Německo</subfield>
    <subfield code="f">Berlín, Německo</subfield>
  </datafield>
  <datafield tag="372" ind1=" " ind2=" ">
    <subfield code="a">vojenství</subfield>
    <subfield code="a">válečnictví</subfield>
    <subfield code="a">vojenská správa</subfield>
    <subfield code="a">matematika</subfield>
    <subfield code="a">překlady z latiny</subfield>
    <subfield code="a">překlady do němčiny</subfield>
  </datafield>
  <datafield tag="374" ind1=" " ind2=" ">
    <subfield code="a">důstojníci</subfield>
    <subfield code="a">poradci</subfield>
    <subfield code="a">vedoucí pracovníci</subfield>
    <subfield code="a">překladatelé</subfield>
  </datafield>
  <datafield tag="375" ind1=" " ind2=" ">
    <subfield code="a">muž</subfield>
  </datafield>
  <datafield tag="377" ind1=" " ind2=" ">
    <subfield code="a">ger</subfield>
  </datafield>
  <datafield tag="400" ind1="1" ind2=" ">
    <subfield code="a">Segner, Johann Wilhelm de,</subfield>
    <subfield code="d">1738-1795</subfield>
    <subfield code="0">o</subfield>
  </datafield>
  <datafield tag="400" ind1="1" ind2=" ">
    <subfield code="a">Segner, Johann W. von,</subfield>
    <subfield code="d">1738-1795</subfield>
    <subfield code="0">o</subfield>
  </datafield>
  <datafield tag="400" ind1="1" ind2=" ">
    <subfield code="a">Segner, Joh. Wilh. v.,</subfield>
    <subfield code="d">1738-1795</subfield>
    <subfield code="0">o</subfield>
  </datafield>
  <datafield tag="400" ind1="1" ind2=" ">
    <subfield code="a">Segner, Ján Wiliam,</subfield>
    <subfield code="d">1738-1795</subfield>
    <subfield code="0">o</subfield>
  </datafield>
  <datafield tag="667" ind1=" " ind2=" ">
    <subfield code="a">http://d-nb.info/gnd/1025121317.</subfield>
  </datafield>
  <datafield tag="670" ind1=" " ind2=" ">
    <subfield code="a">Anfangsgründe der Arithmetic Geometrie und der Geometrischen Berechnungen. Aus dem Lateinischen Seines Vaters übersetzt und nach dessen Anweisung verbessert durch Joh. Wilh. v. Segner ... Halle im Magdeburgischen: zu finden in der Rengerischne Buchhandlung, 1764</subfield>
    <subfield code="b">odkaz viz</subfield>
    <subfield code="u">http://dx.doi.org/10.3931/e-rara-16493</subfield>
  </datafield>
  <datafield tag="670" ind1=" " ind2=" ">
    <subfield code="a">DNB, cit. 8. 10. 2020</subfield>
    <subfield code="b">autoritní forma, odkazy viz, datum a místo narození a datum úmrtí, místo činnosti</subfield>
    <subfield code="u">http://d-nb.info/gnd/1025121317</subfield>
  </datafield>
  <datafield tag="678" ind1="0" ind2=" ">
    <subfield code="a">Pruský vojenský důstojník a tajný rada pro oblast financí a války. Řídil také Obecné zařízení pro stravování vdov v Berlíně (Allgemeinen Witwen-Verpflegungsanstalt Berlin). Byl synem matematika a fyzika Johanna Andrease von Segnera (1704-1777), z latiny do němčiny přeložil jeho práci z roku 1756 „Elementa arithmeticae geometriae et calculi geometrici“ (překlad vyšel poprvé v r. 1764, druhé vydání v r. 1773).</subfield>
  </datafield>
  <datafield tag="906" ind1=" " ind2=" ">
    <subfield code="a">za20201008</subfield>
    <subfield code="b">evbr</subfield>
  </datafield>
  <datafield tag="906" ind1=" " ind2=" ">
    <subfield code="a">ko20201008</subfield>
    <subfield code="b">evbr</subfield>
  </datafield>
</record>