

<record>
  <leader>     nz  a22     n  4500</leader>
  <controlfield tag="001">aun20201088373</controlfield>
  <controlfield tag="003">CZ PrNK</controlfield>
  <controlfield tag="005">20201008095408.0</controlfield>
  <controlfield tag="008">201008|n|aznnnaabn           n a|a      </controlfield>
  <datafield tag="040" ind1=" " ind2=" ">
    <subfield code="a">ABA001</subfield>
    <subfield code="b">cze</subfield>
    <subfield code="e">rda</subfield>
  </datafield>
  <datafield tag="100" ind1="1" ind2=" ">
    <subfield code="a">Ferlinghetti, Lawrence,</subfield>
    <subfield code="d">1919-</subfield>
    <subfield code="t">Little boy.</subfield>
    <subfield code="l">Česky</subfield>
    <subfield code="7">aun20201088373</subfield>
  </datafield>
  <datafield tag="400" ind1="1" ind2=" ">
    <subfield code="a">Ferlinghetti, Lawrence,</subfield>
    <subfield code="d">1919-</subfield>
    <subfield code="t">Chlapec</subfield>
    <subfield code="0">o</subfield>
  </datafield>
  <datafield tag="670" ind1=" " ind2=" ">
    <subfield code="a">Chlapec / Lawrence Ferlinghetti. Praha : Maťa, 2020</subfield>
  </datafield>
  <datafield tag="670" ind1=" " ind2=" ">
    <subfield code="a">LC (Names)</subfield>
  </datafield>
  <datafield tag="906" ind1=" " ind2=" ">
    <subfield code="a">br20201008</subfield>
    <subfield code="b">juri</subfield>
  </datafield>
  <datafield tag="906" ind1=" " ind2=" ">
    <subfield code="a">ks20201008</subfield>
    <subfield code="b">juri</subfield>
  </datafield>
</record>