

<record>
  <leader>     nz  a22     n  4500</leader>
  <controlfield tag="001">jo20201088376</controlfield>
  <controlfield tag="003">CZ PrNK</controlfield>
  <controlfield tag="005">20201008100258.0</controlfield>
  <controlfield tag="008">201008|n|aznnnaabn           n a|a      </controlfield>
  <datafield tag="040" ind1=" " ind2=" ">
    <subfield code="a">ABA001</subfield>
    <subfield code="b">cze</subfield>
    <subfield code="e">rda</subfield>
  </datafield>
  <datafield tag="046" ind1=" " ind2=" ">
    <subfield code="f">1976</subfield>
  </datafield>
  <datafield tag="100" ind1="1" ind2=" ">
    <subfield code="a">Drábek, Martin,</subfield>
    <subfield code="d">1976-</subfield>
    <subfield code="7">jo20201088376</subfield>
  </datafield>
  <datafield tag="370" ind1=" " ind2=" ">
    <subfield code="c">Česko</subfield>
    <subfield code="f">Ostrava, Česko</subfield>
    <subfield code="f">Olomouc, Česko</subfield>
  </datafield>
  <datafield tag="372" ind1=" " ind2=" ">
    <subfield code="a">umění</subfield>
    <subfield code="a">dějiny umění</subfield>
    <subfield code="a">umělecká kritika</subfield>
    <subfield code="a">recenze</subfield>
    <subfield code="a">kurátorství výstav</subfield>
  </datafield>
  <datafield tag="374" ind1=" " ind2=" ">
    <subfield code="a">středoškolští učitelé</subfield>
    <subfield code="a">historici umění</subfield>
    <subfield code="a">umělečtí kritici</subfield>
    <subfield code="a">kurátoři výstav</subfield>
  </datafield>
  <datafield tag="375" ind1=" " ind2=" ">
    <subfield code="a">muž</subfield>
  </datafield>
  <datafield tag="377" ind1=" " ind2=" ">
    <subfield code="a">cze</subfield>
  </datafield>
  <datafield tag="670" ind1=" " ind2=" ">
    <subfield code="a">Drábek, Martin: Signál, 2020</subfield>
    <subfield code="b">autoritní forma</subfield>
  </datafield>
  <datafield tag="670" ind1=" " ind2=" ">
    <subfield code="a">www(Martin Drábek, Autor Artalk.cz), cit. 8. 10. 2020</subfield>
    <subfield code="b">datum narození, biografické údaje</subfield>
  </datafield>
  <datafield tag="670" ind1=" " ind2=" ">
    <subfield code="a">www(TZ: Telegraph Gallery Olomouc zahajuje novou výstavu SIGNÁL I. In: Proti šedi), 24. 6. 2020, cit, 8. 10. 2020</subfield>
    <subfield code="b">biografické údaje</subfield>
  </datafield>
  <datafield tag="678" ind1="0" ind2=" ">
    <subfield code="a">Narozen 1976. Historik umění, umělecký kritik, recenzent, kurátor výstav . Zaměřen na vizuální umění 20. a 21. století a metodologickou problematiku kritického psaní o umění. Pedagog dějin umění na střední umělecké škole. Přispěvatel do časopisů z oboru.</subfield>
  </datafield>
  <datafield tag="906" ind1=" " ind2=" ">
    <subfield code="a">br20201008</subfield>
    <subfield code="b">kurd</subfield>
  </datafield>
</record>