

<record>
  <leader>     nz  a22     n  4500</leader>
  <controlfield tag="001">xx0252529</controlfield>
  <controlfield tag="003">CZ PrNK</controlfield>
  <controlfield tag="005">20201009124735.0</controlfield>
  <controlfield tag="008">201008|n|aznnnaabn           n a|a      </controlfield>
  <datafield tag="040" ind1=" " ind2=" ">
    <subfield code="a">ABA008</subfield>
    <subfield code="b">cze</subfield>
    <subfield code="d">ABA001</subfield>
    <subfield code="e">rda</subfield>
  </datafield>
  <datafield tag="100" ind1="1" ind2=" ">
    <subfield code="a">Kučerová, Iva</subfield>
    <subfield code="7">xx0252529</subfield>
  </datafield>
  <datafield tag="368" ind1=" " ind2=" ">
    <subfield code="d">PharmDr.</subfield>
  </datafield>
  <datafield tag="370" ind1=" " ind2=" ">
    <subfield code="c">Česko</subfield>
  </datafield>
  <datafield tag="372" ind1=" " ind2=" ">
    <subfield code="a">farmacie</subfield>
    <subfield code="a">klinická farmacie</subfield>
  </datafield>
  <datafield tag="374" ind1=" " ind2=" ">
    <subfield code="a">farmaceutky</subfield>
  </datafield>
  <datafield tag="375" ind1=" " ind2=" ">
    <subfield code="a">žena</subfield>
  </datafield>
  <datafield tag="377" ind1=" " ind2=" ">
    <subfield code="a">cze</subfield>
  </datafield>
  <datafield tag="670" ind1=" " ind2=" ">
    <subfield code="a">Kučerová, Iva ... [et al.]: Klinická farmacie v pediatrické paliativní péči. Klinická farmakologie a farmacie, 2020, roč. 34, č. 2. s. 90-92.</subfield>
    <subfield code="b">autoritní forma</subfield>
  </datafield>
  <datafield tag="670" ind1=" " ind2=" ">
    <subfield code="a">www(Uherskohradišťská nemocnice a.s. - PharmDr. Iva Kučerová), cit. 8. 10. 2020</subfield>
    <subfield code="b">profesní data</subfield>
  </datafield>
  <datafield tag="678" ind1="0" ind2=" ">
    <subfield code="a">PharmDr., farmaceutka, klinická farmaceutka (Uherskohradišťská nemocnice, a. s.)</subfield>
  </datafield>
  <datafield tag="906" ind1=" " ind2=" ">
    <subfield code="a">za20201008</subfield>
    <subfield code="b">xlufr</subfield>
  </datafield>
  <datafield tag="906" ind1=" " ind2=" ">
    <subfield code="a">fr20201009</subfield>
    <subfield code="b">lisi</subfield>
  </datafield>
</record>