

<record>
  <leader>     nz  a22     n  4500</leader>
  <controlfield tag="001">xx0252534</controlfield>
  <controlfield tag="003">CZ PrNK</controlfield>
  <controlfield tag="005">20201009081219.0</controlfield>
  <controlfield tag="008">201008|n|aznnnaabn           n a|a      </controlfield>
  <datafield tag="040" ind1=" " ind2=" ">
    <subfield code="a">CBA001</subfield>
    <subfield code="b">cze</subfield>
    <subfield code="d">ABA001</subfield>
    <subfield code="e">rda</subfield>
  </datafield>
  <datafield tag="046" ind1=" " ind2=" ">
    <subfield code="f">1926</subfield>
    <subfield code="g">2016</subfield>
  </datafield>
  <datafield tag="100" ind1="1" ind2=" ">
    <subfield code="a">Jiran, Čestmír,</subfield>
    <subfield code="d">1926-2016</subfield>
    <subfield code="7">xx0252534</subfield>
  </datafield>
  <datafield tag="368" ind1=" " ind2=" ">
    <subfield code="d">Ing.</subfield>
  </datafield>
  <datafield tag="370" ind1=" " ind2=" ">
    <subfield code="a">Žitná, Hracholusky, Prachatice, Česko</subfield>
    <subfield code="b">Prachatice, Česko</subfield>
    <subfield code="c">Česko</subfield>
  </datafield>
  <datafield tag="372" ind1=" " ind2=" ">
    <subfield code="a">zemědělská technika</subfield>
    <subfield code="a">zemědělské inženýrství</subfield>
  </datafield>
  <datafield tag="374" ind1=" " ind2=" ">
    <subfield code="a">zemědělští inženýři</subfield>
  </datafield>
  <datafield tag="375" ind1=" " ind2=" ">
    <subfield code="a">muž</subfield>
  </datafield>
  <datafield tag="670" ind1=" " ind2=" ">
    <subfield code="a">Soustava komplexní mechanizace zemědělské výroby do roku 1985. 6. díl, Přístroje, stroje a zařízení pro péči o zeměd. techniku / Autor: kol., ved. Čestmír Jiran ; Fot.: Hana Šolínová a Jiří Kohout. Praha, 1978</subfield>
    <subfield code="b">autoritní forma</subfield>
  </datafield>
  <datafield tag="670" ind1=" " ind2=" ">
    <subfield code="a">Nové centrum sociální pomoci a služeb / Jiří Dolejší, Čestmír Jiran. In: Mladá fronta Dnes, Jihočeské vydání, 11/301 (29.12.2000), příloha Jižní Čechy Dnes, s. 6.</subfield>
  </datafield>
  <datafield tag="670" ind1=" " ind2=" ">
    <subfield code="a">www(Zemřel předseda Seniorské občanské společnosti Čestmír Jiran. In: PrachatickoNEWS, 1.2.2016 [online]), cit. 8. 10. 2020</subfield>
    <subfield code="b">biografické údaje, úplné datum úmrtí</subfield>
    <subfield code="u">http://www.prachatickonews.cz/zpravy/zpr4066.htm</subfield>
  </datafield>
  <datafield tag="678" ind1="0" ind2=" ">
    <subfield code="a">Narozen 19. 11. 1926 v Žitné u Netolic, zemřel 30. 1. 2016 v Prachaticích. Zemědělský inženýr, ředitel Výzkumného a vývojového ústavu zemědělské techniky v Malešicích, autor publikací z oboru, též vedoucí Seniorské občanské společnosti v Prachaticích.</subfield>
  </datafield>
  <datafield tag="906" ind1=" " ind2=" ">
    <subfield code="a">za20201008</subfield>
    <subfield code="b">xlebe</subfield>
  </datafield>
  <datafield tag="906" ind1=" " ind2=" ">
    <subfield code="a">fr20201009</subfield>
    <subfield code="b">lisi</subfield>
  </datafield>
</record>