

<record>
  <leader>     nz  a22     n  4500</leader>
  <controlfield tag="001">jo20201088396</controlfield>
  <controlfield tag="003">CZ PrNK</controlfield>
  <controlfield tag="005">20201008125042.0</controlfield>
  <controlfield tag="008">201008|n|aznnnaabn           n a|a      </controlfield>
  <datafield tag="040" ind1=" " ind2=" ">
    <subfield code="a">ABA001</subfield>
    <subfield code="b">cze</subfield>
    <subfield code="e">rda</subfield>
  </datafield>
  <datafield tag="046" ind1=" " ind2=" ">
    <subfield code="f">1866</subfield>
    <subfield code="g">1945</subfield>
  </datafield>
  <datafield tag="100" ind1="1" ind2=" ">
    <subfield code="a">Uşaklıgil, Halit Ziya,</subfield>
    <subfield code="d">1866-1945</subfield>
    <subfield code="7">jo20201088396</subfield>
  </datafield>
  <datafield tag="370" ind1=" " ind2=" ">
    <subfield code="a">Istanbul, Turecko</subfield>
    <subfield code="b">Istanbul, Turecko</subfield>
    <subfield code="c">Turecko</subfield>
  </datafield>
  <datafield tag="372" ind1=" " ind2=" ">
    <subfield code="a">literární činnost</subfield>
    <subfield code="a">turecká literatura</subfield>
    <subfield code="a">román</subfield>
    <subfield code="a">realismus (literatura)</subfield>
    <subfield code="a">symbolismus (literatura)</subfield>
    <subfield code="a">překladatelská činnost</subfield>
    <subfield code="a">výchova a vzdělávání</subfield>
    <subfield code="a">dějiny francouzské literatury</subfield>
  </datafield>
  <datafield tag="374" ind1=" " ind2=" ">
    <subfield code="a">spisovatelé</subfield>
    <subfield code="a">překladatelé</subfield>
    <subfield code="a">středoškolští učitelé</subfield>
  </datafield>
  <datafield tag="375" ind1=" " ind2=" ">
    <subfield code="a">muž</subfield>
  </datafield>
  <datafield tag="377" ind1=" " ind2=" ">
    <subfield code="a">tur</subfield>
    <subfield code="a">fre</subfield>
  </datafield>
  <datafield tag="400" ind1="1" ind2=" ">
    <subfield code="a">Uşaklıgil, Halid Ziya,</subfield>
    <subfield code="d">1866-1945</subfield>
    <subfield code="0">o</subfield>
  </datafield>
  <datafield tag="667" ind1=" " ind2=" ">
    <subfield code="a">Údaj o datu narození se v různých zdrojích liší. Kromě roku 1866 jsou uváděny roky 1865, 1867, 1868 a 1869.</subfield>
  </datafield>
  <datafield tag="670" ind1=" " ind2=" ">
    <subfield code="a">Uşaklıgil, Halid Ziya: On the sultan's service :Halid Ziya Uşaklıgil's memoir of the Ottoman palace, 1909-1912, 2019</subfield>
    <subfield code="b">odkaz viz</subfield>
  </datafield>
  <datafield tag="670" ind1=" " ind2=" ">
    <subfield code="a">www(National Library of Turkey), cit. 8. 10. 2020</subfield>
    <subfield code="b">autoritní forma, biografické údaje</subfield>
  </datafield>
  <datafield tag="670" ind1=" " ind2=" ">
    <subfield code="a">www(Vikipedi, özgür ansiklopedi), cit. 8. 10. 2020</subfield>
    <subfield code="b">data, biografické údaje</subfield>
    <subfield code="u">https://tr.wikipedia.org/wiki/Halid_Ziya_U%C5%9Fakl%C4%B1gil</subfield>
  </datafield>
  <datafield tag="678" ind1="0" ind2=" ">
    <subfield code="a">Turecký spisovatel, tvořící symbolistická a realistická literární díla, především romány. Překladatel z francouzštiny, učitel francouzštiny a turecké literatury na střední škole, esejista, autor časopiseckých článků, autor odborné publikace o dějinách francouzské literatury. Osobní tajemník sultána Mehmeda V. Reşada.</subfield>
  </datafield>
  <datafield tag="906" ind1=" " ind2=" ">
    <subfield code="a">br20201008</subfield>
    <subfield code="b">kurd</subfield>
  </datafield>
</record>