

<record>
  <leader>     nz  a22     n  4500</leader>
  <datafield tag="900" ind1=" " ind2=" ">
    <subfield code="a">N-NÁVRH-VP</subfield>
  </datafield>
  <controlfield tag="001">aun20201088398</controlfield>
  <controlfield tag="003">CZ PrNK</controlfield>
  <controlfield tag="005">20201008112816.0</controlfield>
  <controlfield tag="008">201008|n|acnnnaabn           n a|a      </controlfield>
  <datafield tag="040" ind1=" " ind2=" ">
    <subfield code="a">BOA001</subfield>
    <subfield code="b">cze</subfield>
  </datafield>
  <datafield tag="100" ind1="0" ind2=" ">
    <subfield code="a">Monogramista IP,</subfield>
    <subfield code="d">činný 1520-1540.</subfield>
    <subfield code="t">Oltář svaté Anny samotřetí</subfield>
    <subfield code="7">aun20201088398</subfield>
  </datafield>
  <datafield tag="400" ind1="0" ind2=" ">
    <subfield code="a">Monogramista IP,</subfield>
    <subfield code="d">činný 1520-1540.</subfield>
    <subfield code="t">Oltář svaté Anny samotřetí v Českém Krumlově</subfield>
    <subfield code="0">o</subfield>
  </datafield>
  <datafield tag="670" ind1=" " ind2=" ">
    <subfield code="a">Kováč, Peter: Monogramista IP : oltář svaté Anny Samotřetí v Českém Krumlově, 2020</subfield>
    <subfield code="b">autoritní forma, odkaz viz</subfield>
  </datafield>
  <datafield tag="906" ind1=" " ind2=" ">
    <subfield code="a">za20201008</subfield>
    <subfield code="b">vodado</subfield>
  </datafield>
</record>