

<record>
  <leader>     nz  a22     n  4500</leader>
  <controlfield tag="001">jo20201088400</controlfield>
  <controlfield tag="003">CZ PrNK</controlfield>
  <controlfield tag="005">20201008123421.0</controlfield>
  <controlfield tag="008">201008|n|aznnnaabn           n a|a      </controlfield>
  <datafield tag="024" ind1="7" ind2=" ">
    <subfield code="a">0000000048357595</subfield>
    <subfield code="2">isni</subfield>
  </datafield>
  <datafield tag="040" ind1=" " ind2=" ">
    <subfield code="a">ABA001</subfield>
    <subfield code="b">cze</subfield>
    <subfield code="e">rda</subfield>
  </datafield>
  <datafield tag="100" ind1="1" ind2=" ">
    <subfield code="a">Herrero, Marina</subfield>
    <subfield code="7">jo20201088400</subfield>
  </datafield>
  <datafield tag="370" ind1=" " ind2=" ">
    <subfield code="c">Brazílie</subfield>
    <subfield code="f">São Paulo, Brazílie</subfield>
    <subfield code="s">1983</subfield>
  </datafield>
  <datafield tag="372" ind1=" " ind2=" ">
    <subfield code="a">management kultury</subfield>
    <subfield code="a">kulturní antropologie</subfield>
    <subfield code="a">kulturní dědictví</subfield>
    <subfield code="a">kulturní tradice</subfield>
    <subfield code="a">domorodci</subfield>
    <subfield code="a">lidská práva</subfield>
    <subfield code="a">aktivismus</subfield>
    <subfield code="a">tanec</subfield>
    <subfield code="a">choreografie</subfield>
  </datafield>
  <datafield tag="374" ind1=" " ind2=" ">
    <subfield code="a">manažerky</subfield>
    <subfield code="a">kulturoložky</subfield>
  </datafield>
  <datafield tag="375" ind1=" " ind2=" ">
    <subfield code="a">žena</subfield>
  </datafield>
  <datafield tag="377" ind1=" " ind2=" ">
    <subfield code="a">por</subfield>
  </datafield>
  <datafield tag="400" ind1="1" ind2=" ">
    <subfield code="a">Herrero, Marina Marcela</subfield>
    <subfield code="0">o</subfield>
  </datafield>
  <datafield tag="670" ind1=" " ind2=" ">
    <subfield code="a">HERRERO, Marina, ed. a FERNANDES, Ulysses, ed. Baré: povo do rio. São Paulo: Edições SESC, ©2015</subfield>
  </datafield>
  <datafield tag="670" ind1=" " ind2=" ">
    <subfield code="a">www(Diversidade cultural: panorama das questões indígenas no Brasil. In: Centro de Pesquisa e Formação SESC São Paulo), cit. 8. 10. 2020</subfield>
    <subfield code="b">biografické údaje</subfield>
  </datafield>
  <datafield tag="670" ind1=" " ind2=" ">
    <subfield code="a">www(Maidana, Carolina. Derechos indígenas y patrimonio cultural: La transnacionalización de las demandas. La Plata: EDULP, 2019. In: SEDICI Universidad Nacional de La Plata), cit. 8. 10. 2020</subfield>
    <subfield code="b">biografické údaje</subfield>
  </datafield>
  <datafield tag="670" ind1=" " ind2=" ">
    <subfield code="a">www(Marina Marcela Herrero. In: LikedIn), cit. 8. 10. 2020</subfield>
    <subfield code="b">biografické údaje, odkaz viz</subfield>
  </datafield>
  <datafield tag="670" ind1=" " ind2=" ">
    <subfield code="a">www(Biblioteca Nacional do Brasil - Sophia Biblioteca), cit. 8. 10. 2020</subfield>
    <subfield code="b">autoritní forma, biografické údaje</subfield>
  </datafield>
  <datafield tag="678" ind1="0" ind2=" ">
    <subfield code="a">Brazilská, původem argentinská, aktivistka za lidská práva a tradiční společnosti v ohrožení, koordinátorka programu kulturní rozmanitosti v sociálně vzdělávacím centru SESC São Paulo. Manažerka projektů domorodé kultury a tanečního projektu ministerstva kultury Brazílie. Dříve taneční choreografka, režisérka a scenáristka.</subfield>
  </datafield>
  <datafield tag="906" ind1=" " ind2=" ">
    <subfield code="a">br20201008</subfield>
    <subfield code="b">beba</subfield>
  </datafield>
</record>