

<record>
  <leader>     nz  a22     n  4500</leader>
  <controlfield tag="001">aun20201088408</controlfield>
  <controlfield tag="003">CZ PrNK</controlfield>
  <controlfield tag="005">20201008122342.0</controlfield>
  <controlfield tag="008">201008|n|aznnnaabn           n a|a      </controlfield>
  <datafield tag="040" ind1=" " ind2=" ">
    <subfield code="a">ABA001</subfield>
    <subfield code="b">cze</subfield>
    <subfield code="e">rda</subfield>
  </datafield>
  <datafield tag="100" ind1="1" ind2=" ">
    <subfield code="a">Zamjatin, Jevgenij Ivanovič,</subfield>
    <subfield code="d">1884-1937.</subfield>
    <subfield code="t">My.</subfield>
    <subfield code="l">Česky</subfield>
    <subfield code="7">aun20201088408</subfield>
  </datafield>
  <datafield tag="667" ind1=" " ind2=" ">
    <subfield code="a">Název originálu je totožný s názvem překladu.</subfield>
  </datafield>
  <datafield tag="670" ind1=" " ind2=" ">
    <subfield code="a">My = My / Jevgenij Zamjatin. Praha : Maťa, 2020</subfield>
  </datafield>
  <datafield tag="670" ind1=" " ind2=" ">
    <subfield code="a">Slovník ruských, ukrajinských a běloruských spisovatelů: Libri</subfield>
  </datafield>
  <datafield tag="670" ind1=" " ind2=" ">
    <subfield code="a">www(Wikipedie, otevřená encyklopedie)</subfield>
  </datafield>
  <datafield tag="906" ind1=" " ind2=" ">
    <subfield code="a">br20201008</subfield>
    <subfield code="b">juri</subfield>
  </datafield>
  <datafield tag="906" ind1=" " ind2=" ">
    <subfield code="a">ks20201008</subfield>
    <subfield code="b">juri</subfield>
  </datafield>
</record>