

<record>
  <leader>     nz  a22     n  4500</leader>
  <datafield tag="900" ind1=" " ind2=" ">
    <subfield code="a">J-NÁVRH-STT</subfield>
  </datafield>
  <controlfield tag="001">ntk20201088415</controlfield>
  <controlfield tag="003">CZ PrNK</controlfield>
  <controlfield tag="005">20201008154121.0</controlfield>
  <controlfield tag="008">201008|n|aznnnaabn           n a|a      </controlfield>
  <datafield tag="024" ind1="7" ind2=" ">
    <subfield code="a">0000000122643136</subfield>
    <subfield code="2">isni</subfield>
  </datafield>
  <datafield tag="024" ind1="7" ind2=" ">
    <subfield code="a">Q7184470</subfield>
    <subfield code="2">wikidata</subfield>
  </datafield>
  <datafield tag="040" ind1=" " ind2=" ">
    <subfield code="a">ABA013</subfield>
    <subfield code="b">cze</subfield>
    <subfield code="e">rda</subfield>
  </datafield>
  <datafield tag="046" ind1=" " ind2=" ">
    <subfield code="f">1657</subfield>
    <subfield code="g">1705</subfield>
  </datafield>
  <datafield tag="100" ind1="1" ind2=" ">
    <subfield code="a">Tiedeman, Philip,</subfield>
    <subfield code="d">1657-1705</subfield>
    <subfield code="7">ntk20201088415</subfield>
  </datafield>
  <datafield tag="370" ind1=" " ind2=" ">
    <subfield code="a">Hamburk, Německo</subfield>
    <subfield code="b">Amsterdam, Nizozemsko</subfield>
    <subfield code="c">Nizozemsko</subfield>
  </datafield>
  <datafield tag="370" ind1=" " ind2=" ">
    <subfield code="f">Hamburk, Německo</subfield>
    <subfield code="s">1657</subfield>
    <subfield code="t">1678</subfield>
  </datafield>
  <datafield tag="370" ind1=" " ind2=" ">
    <subfield code="f">Amsterdam, Nizozemsko</subfield>
    <subfield code="s">1678</subfield>
    <subfield code="t">1705</subfield>
  </datafield>
  <datafield tag="372" ind1=" " ind2=" ">
    <subfield code="a">výtvarné umění</subfield>
    <subfield code="a">malířství</subfield>
    <subfield code="a">žánrové malířství</subfield>
    <subfield code="a">akvarely</subfield>
    <subfield code="a">mapy</subfield>
    <subfield code="a">knižní ilustrace</subfield>
  </datafield>
  <datafield tag="374" ind1=" " ind2=" ">
    <subfield code="a">výtvarní umělci</subfield>
    <subfield code="a">malíři</subfield>
    <subfield code="a">ilustrátoři</subfield>
    <subfield code="a">kartografové</subfield>
  </datafield>
  <datafield tag="375" ind1=" " ind2=" ">
    <subfield code="a">muž</subfield>
  </datafield>
  <datafield tag="377" ind1=" " ind2=" ">
    <subfield code="a">ger</subfield>
    <subfield code="a">dut</subfield>
    <subfield code="a">fre</subfield>
  </datafield>
  <datafield tag="400" ind1="1" ind2=" ">
    <subfield code="a">Tiedemann, Philip,</subfield>
    <subfield code="d">1657-1705</subfield>
    <subfield code="0">o</subfield>
  </datafield>
  <datafield tag="400" ind1="1" ind2=" ">
    <subfield code="a">Tiedemann, Philipp,</subfield>
    <subfield code="d">1657-1705</subfield>
    <subfield code="0">o</subfield>
  </datafield>
  <datafield tag="400" ind1="1" ind2=" ">
    <subfield code="a">Tideman, Philip,</subfield>
    <subfield code="d">1657-1705</subfield>
    <subfield code="0">o</subfield>
  </datafield>
  <datafield tag="400" ind1="1" ind2=" ">
    <subfield code="a">Tidemann, Philip,</subfield>
    <subfield code="d">1657-1705</subfield>
    <subfield code="0">o</subfield>
  </datafield>
  <datafield tag="400" ind1="1" ind2=" ">
    <subfield code="a">Tydeman, Philip,</subfield>
    <subfield code="d">1657-1705</subfield>
    <subfield code="0">o</subfield>
  </datafield>
  <datafield tag="400" ind1="1" ind2=" ">
    <subfield code="a">Tiedeman, P.,</subfield>
    <subfield code="d">1657-1705</subfield>
    <subfield code="0">o</subfield>
  </datafield>
  <datafield tag="400" ind1="1" ind2=" ">
    <subfield code="a">Tiedeman, Ph.,</subfield>
    <subfield code="d">1657-1705</subfield>
    <subfield code="0">o</subfield>
  </datafield>
  <datafield tag="400" ind1="1" ind2=" ">
    <subfield code="a">Tideman, P.,</subfield>
    <subfield code="d">1657-1705</subfield>
    <subfield code="0">o</subfield>
  </datafield>
  <datafield tag="400" ind1="1" ind2=" ">
    <subfield code="a">Tideman, Ph.,</subfield>
    <subfield code="d">1657-1705</subfield>
    <subfield code="0">o</subfield>
  </datafield>
  <datafield tag="670" ind1=" " ind2=" ">
    <subfield code="a">NOUVEAUX ELEMENTS D'ALGEBRE, OU PRINCIPES GENERAUX, Pour resoudre toutes sortes de Problêmes DE MATHEMATIQUE. Par M. OZANAM, ... PREMIERE PARTIE. A AMSTERDAM: Chez GEORGE GALLET, 1702. Alegorická rytina na frontispisu, signovaná Ph. Tideman del.</subfield>
    <subfield code="b">odkaz viz</subfield>
    <subfield code="u">http://books.google.cz/books?vid=NKP:1003290577&amp;printsec=frontcover</subfield>
  </datafield>
  <datafield tag="670" ind1=" " ind2=" ">
    <subfield code="a">KB - NBN, cit. 8. 10. 2020</subfield>
    <subfield code="b">autoritní forma, odkazy viz, datum narození a úmrtí</subfield>
    <subfield code="u">https://picarta.oclc.org/psi/xslt/DB=3.9/XMLPRS=Y/PPN?PPN=10053743X</subfield>
  </datafield>
  <datafield tag="670" ind1=" " ind2=" ">
    <subfield code="a">www(KB - NBN, Linked Data Cloud: Philip Tiedeman (1657-1705)), cit. 8. 10. 2020</subfield>
    <subfield code="b">místo narození a úmrtí, biografická a profesní data</subfield>
    <subfield code="u">http://data.bibliotheken.nl/id/dbnla/tied002</subfield>
  </datafield>
  <datafield tag="670" ind1=" " ind2=" ">
    <subfield code="a">www(Wikipedia, The free Encyclopedia), cit. 8. 10. 2020</subfield>
    <subfield code="b">biografická a profesní data</subfield>
    <subfield code="u">https://en.wikipedia.org/wiki/Philip_Tideman</subfield>
  </datafield>
  <datafield tag="678" ind1="0" ind2=" ">
    <subfield code="a">Nizozemský malíř a kartograf. Pocházel z německého Hamburku, větší část života i profesně ale prožil v Nizozemsku (v r. 1683 se tam i oženil s Aaltje Bruijnsovou). Jeho malby a mapy jsou také lokalizovány jako rytiny ve starých knihách 17.-18. století a v reedicích i později.</subfield>
  </datafield>
  <datafield tag="906" ind1=" " ind2=" ">
    <subfield code="a">za20201008</subfield>
    <subfield code="b">evbr</subfield>
  </datafield>
  <datafield tag="906" ind1=" " ind2=" ">
    <subfield code="a">ko20201008</subfield>
    <subfield code="b">evbr</subfield>
  </datafield>
</record>