

<record>
  <leader>     nz  a22     n  4500</leader>
  <controlfield tag="001">jo20201088433</controlfield>
  <controlfield tag="003">CZ PrNK</controlfield>
  <controlfield tag="005">20201008134728.0</controlfield>
  <controlfield tag="008">201008|n|aznnnaabn           n a|a      </controlfield>
  <datafield tag="040" ind1=" " ind2=" ">
    <subfield code="a">ABA001</subfield>
    <subfield code="b">cze</subfield>
    <subfield code="e">rda</subfield>
  </datafield>
  <datafield tag="046" ind1=" " ind2=" ">
    <subfield code="f">1969</subfield>
  </datafield>
  <datafield tag="100" ind1="1" ind2=" ">
    <subfield code="a">Lazdiņa, Sanita,</subfield>
    <subfield code="d">1969-</subfield>
    <subfield code="7">jo20201088433</subfield>
  </datafield>
  <datafield tag="368" ind1=" " ind2=" ">
    <subfield code="d">Dr.philol.</subfield>
  </datafield>
  <datafield tag="370" ind1=" " ind2=" ">
    <subfield code="c">Lotyšsko</subfield>
    <subfield code="f">Rēzekne, Lotyšsko</subfield>
    <subfield code="f">Riga, Lotyšsko</subfield>
  </datafield>
  <datafield tag="372" ind1=" " ind2=" ">
    <subfield code="a">filologie</subfield>
    <subfield code="a">lotyština</subfield>
    <subfield code="a">aplikovaná lingvistika</subfield>
    <subfield code="a">sociolingvistika</subfield>
    <subfield code="a">pragmatika</subfield>
    <subfield code="a">vyučovací metody</subfield>
  </datafield>
  <datafield tag="374" ind1=" " ind2=" ">
    <subfield code="a">filoložky</subfield>
    <subfield code="a">lingvistky</subfield>
  </datafield>
  <datafield tag="375" ind1=" " ind2=" ">
    <subfield code="a">žena</subfield>
  </datafield>
  <datafield tag="377" ind1=" " ind2=" ">
    <subfield code="a">lav</subfield>
    <subfield code="a">rus</subfield>
  </datafield>
  <datafield tag="670" ind1=" " ind2=" ">
    <subfield code="a">Lazdiņa, Sanita - Marten, Heiko F. (eds.): Multilingualism in the Baltic states :societal discourses and contact phenomena, 2019</subfield>
  </datafield>
  <datafield tag="670" ind1=" " ind2=" ">
    <subfield code="a">LNB, cit. 8. 10. 2020</subfield>
    <subfield code="b">autoritní forma, datum narození, biografické údaje</subfield>
  </datafield>
  <datafield tag="670" ind1=" " ind2=" ">
    <subfield code="a">www(Sanita Lazdiņa - IV Pasaules latviešu zinātnieku kongress), cit. 8. 10. 2020</subfield>
    <subfield code="b">biografické údaje</subfield>
  </datafield>
  <datafield tag="678" ind1="0" ind2=" ">
    <subfield code="a">Lotyšská filoložka, profesorka aplikované lingvistiky, dále zaměřena na sociolingvistiku, pragmatiku a metody a přístupy ve výuce lotyštiny.</subfield>
  </datafield>
  <datafield tag="906" ind1=" " ind2=" ">
    <subfield code="a">br20201008</subfield>
    <subfield code="b">kurd</subfield>
  </datafield>
</record>