

<record>
  <leader>     nz  a22     n  4500</leader>
  <controlfield tag="001">aun20201088437</controlfield>
  <controlfield tag="003">CZ PrNK</controlfield>
  <controlfield tag="005">20201008140510.0</controlfield>
  <controlfield tag="008">201008|n|aznnnaabn           n a|a      </controlfield>
  <datafield tag="040" ind1=" " ind2=" ">
    <subfield code="a">ABA001</subfield>
    <subfield code="b">cze</subfield>
    <subfield code="e">rda</subfield>
  </datafield>
  <datafield tag="100" ind1="1" ind2=" ">
    <subfield code="a">Segner, Ján Andrej,</subfield>
    <subfield code="d">1704-1777.</subfield>
    <subfield code="t">Elementa arithmeticae, geometriae et calculi geometrici.</subfield>
    <subfield code="l">Německy</subfield>
    <subfield code="7">aun20201088437</subfield>
  </datafield>
  <datafield tag="400" ind1="1" ind2=" ">
    <subfield code="a">Segner, Ján Andrej,</subfield>
    <subfield code="d">1704-1777.</subfield>
    <subfield code="t">Anfangsgründe der Arithmetic, Geometrie und der geometrischen Berechnungen</subfield>
    <subfield code="0">o</subfield>
  </datafield>
  <datafield tag="670" ind1=" " ind2=" ">
    <subfield code="a">LC (Names)</subfield>
  </datafield>
  <datafield tag="670" ind1=" " ind2=" ">
    <subfield code="a">www(Wikipedia, die freie Enzyklopädie)</subfield>
  </datafield>
  <datafield tag="856" ind1="4" ind2="2">
    <subfield code="u">http://mdz-nbn-resolving.de/urn:nbn:de:bvb:12-bsb10082814-6</subfield>
    <subfield code="4">N</subfield>
  </datafield>
  <datafield tag="906" ind1=" " ind2=" ">
    <subfield code="a">br20201008</subfield>
    <subfield code="b">hape</subfield>
  </datafield>
  <datafield tag="906" ind1=" " ind2=" ">
    <subfield code="a">ks20201008</subfield>
    <subfield code="b">hape</subfield>
  </datafield>
</record>