

<record>
  <leader>     nz  a22     n  4500</leader>
  <controlfield tag="001">jo20201088440</controlfield>
  <controlfield tag="003">CZ PrNK</controlfield>
  <controlfield tag="005">20201008141525.0</controlfield>
  <controlfield tag="008">201008|n|aznnnaabn           n a|a      </controlfield>
  <datafield tag="040" ind1=" " ind2=" ">
    <subfield code="a">ABA001</subfield>
    <subfield code="b">cze</subfield>
    <subfield code="e">rda</subfield>
  </datafield>
  <datafield tag="046" ind1=" " ind2=" ">
    <subfield code="f">1974</subfield>
  </datafield>
  <datafield tag="100" ind1="1" ind2=" ">
    <subfield code="a">Marten, Heiko F.,</subfield>
    <subfield code="d">1974-</subfield>
    <subfield code="7">jo20201088440</subfield>
  </datafield>
  <datafield tag="370" ind1=" " ind2=" ">
    <subfield code="c">Německo</subfield>
    <subfield code="c">Estonsko</subfield>
    <subfield code="c">Lotyšsko</subfield>
    <subfield code="f">Berlín, Německo</subfield>
    <subfield code="f">Tallinn, Estonsko</subfield>
    <subfield code="f">Rēzekne, Lotyšsko</subfield>
  </datafield>
  <datafield tag="372" ind1=" " ind2=" ">
    <subfield code="a">filologie</subfield>
    <subfield code="a">germanistika</subfield>
    <subfield code="a">sociolingvistika</subfield>
    <subfield code="a">jazyková politika</subfield>
    <subfield code="a">didaktika</subfield>
    <subfield code="a">jazyková výuka</subfield>
  </datafield>
  <datafield tag="374" ind1=" " ind2=" ">
    <subfield code="a">filologové</subfield>
    <subfield code="a">germanisté</subfield>
  </datafield>
  <datafield tag="375" ind1=" " ind2=" ">
    <subfield code="a">muž</subfield>
  </datafield>
  <datafield tag="377" ind1=" " ind2=" ">
    <subfield code="a">ger</subfield>
    <subfield code="a">eng</subfield>
  </datafield>
  <datafield tag="400" ind1="1" ind2=" ">
    <subfield code="a">Marten, Heiko Friedhelm,</subfield>
    <subfield code="d">1974-</subfield>
    <subfield code="0">o</subfield>
  </datafield>
  <datafield tag="670" ind1=" " ind2=" ">
    <subfield code="a">Lazdiņa, Sanita - Marten, Heiko F. (eds.): Multilingualism in the Baltic states :societal discourses and contact phenomena, 2019</subfield>
    <subfield code="b">biografické údaje</subfield>
  </datafield>
  <datafield tag="670" ind1=" " ind2=" ">
    <subfield code="a">DNB, cit. 8. 10. 2020</subfield>
    <subfield code="b">autoritní forma, datum narození, odkaz viz, biografické údaje</subfield>
  </datafield>
  <datafield tag="670" ind1=" " ind2=" ">
    <subfield code="a">www(Heiko F. Marten - Tallinn University - Academia.edu), cit. 8. 10. 2020</subfield>
    <subfield code="b">biografické údaje</subfield>
  </datafield>
  <datafield tag="678" ind1="0" ind2=" ">
    <subfield code="a">Lingvista, germanista, sociolingvista, zaměřen na jazykovou politiku a plánování, analýzu diskursu, vícejazyčnost, jazykovou didaktiku, menšinové jazyky. Původem z Německa.</subfield>
  </datafield>
  <datafield tag="906" ind1=" " ind2=" ">
    <subfield code="a">br20201008</subfield>
    <subfield code="b">kurd</subfield>
  </datafield>
</record>