

<record>
  <leader>     nz  a22     n  4500</leader>
  <controlfield tag="001">aun20201088448</controlfield>
  <controlfield tag="003">CZ PrNK</controlfield>
  <controlfield tag="005">20201008144140.0</controlfield>
  <controlfield tag="008">201008|n|aznnnaabn           n a|a      </controlfield>
  <datafield tag="040" ind1=" " ind2=" ">
    <subfield code="a">ABA001</subfield>
    <subfield code="b">cze</subfield>
    <subfield code="e">rda</subfield>
  </datafield>
  <datafield tag="100" ind1="0" ind2=" ">
    <subfield code="a">Artemidóros,</subfield>
    <subfield code="d">činný 2. století.</subfield>
    <subfield code="t">Snář.</subfield>
    <subfield code="l">Anglicky</subfield>
    <subfield code="7">aun20201088448</subfield>
  </datafield>
  <datafield tag="400" ind1="0" ind2=" ">
    <subfield code="a">Artemidóros,</subfield>
    <subfield code="d">činný 2. století.</subfield>
    <subfield code="t">Interpretation of dreams</subfield>
    <subfield code="0">o</subfield>
  </datafield>
  <datafield tag="400" ind1="0" ind2=" ">
    <subfield code="a">Artemidóros,</subfield>
    <subfield code="d">činný 2. století.</subfield>
    <subfield code="t">Oneirocritica</subfield>
    <subfield code="0">o</subfield>
  </datafield>
  <datafield tag="670" ind1=" " ind2=" ">
    <subfield code="a">LC (Names)</subfield>
  </datafield>
  <datafield tag="670" ind1=" " ind2=" ">
    <subfield code="a">www(Wikipedia, the free encyclopedia)</subfield>
  </datafield>
  <datafield tag="670" ind1=" " ind2=" ">
    <subfield code="a">The interpretation of dreams / Artemidorus ; translated by Martin Hammond ; with an introduction and notes by Peter Thonemann. Oxford, United Kingdom ; New York, NY, United States of America : Oxford University Press, 2020</subfield>
  </datafield>
  <datafield tag="906" ind1=" " ind2=" ">
    <subfield code="a">br20201008</subfield>
    <subfield code="b">hape</subfield>
  </datafield>
  <datafield tag="906" ind1=" " ind2=" ">
    <subfield code="a">ks20201008</subfield>
    <subfield code="b">hape</subfield>
  </datafield>
</record>