

<record>
  <leader>     cz  a22     n  4500</leader>
  <controlfield tag="001">xx0252556</controlfield>
  <controlfield tag="003">CZ PrNK</controlfield>
  <controlfield tag="005">20201008182836.0</controlfield>
  <controlfield tag="008">201008|n|aznnnaabn           n a|a      </controlfield>
  <datafield tag="024" ind1="7" ind2=" ">
    <subfield code="a">0000000110789541</subfield>
    <subfield code="2">isni</subfield>
  </datafield>
  <datafield tag="024" ind1="7" ind2=" ">
    <subfield code="a">Q6526931</subfield>
    <subfield code="2">wikidata</subfield>
  </datafield>
  <datafield tag="040" ind1=" " ind2=" ">
    <subfield code="a">ABE304</subfield>
    <subfield code="b">cze</subfield>
    <subfield code="d">ABA001</subfield>
    <subfield code="e">rda</subfield>
  </datafield>
  <datafield tag="046" ind1=" " ind2=" ">
    <subfield code="f">1828</subfield>
    <subfield code="g">1890</subfield>
  </datafield>
  <datafield tag="100" ind1="1" ind2=" ">
    <subfield code="a">Lewis, Leopold,</subfield>
    <subfield code="d">1828-1890</subfield>
    <subfield code="7">xx0252556</subfield>
  </datafield>
  <datafield tag="370" ind1=" " ind2=" ">
    <subfield code="c">Velká Británie</subfield>
  </datafield>
  <datafield tag="372" ind1=" " ind2=" ">
    <subfield code="a">drama</subfield>
  </datafield>
  <datafield tag="374" ind1=" " ind2=" ">
    <subfield code="a">dramatici</subfield>
  </datafield>
  <datafield tag="375" ind1=" " ind2=" ">
    <subfield code="a">muž</subfield>
  </datafield>
  <datafield tag="377" ind1=" " ind2=" ">
    <subfield code="a">eng</subfield>
  </datafield>
  <datafield tag="400" ind1="1" ind2=" ">
    <subfield code="a">Lewis, Leopold David,</subfield>
    <subfield code="d">1828-1890</subfield>
    <subfield code="0">o</subfield>
  </datafield>
  <datafield tag="400" ind1="1" ind2=" ">
    <subfield code="a">Lewis, Leopold Davis,</subfield>
    <subfield code="d">1828-1890</subfield>
    <subfield code="0">o</subfield>
  </datafield>
  <datafield tag="670" ind1=" " ind2=" ">
    <subfield code="a">Henry Irving and The Bells (Irving's personal script of the play by Leopold Lewis), 1980</subfield>
  </datafield>
  <datafield tag="670" ind1=" " ind2=" ">
    <subfield code="a">LC (Names), cit. 8. 10. 2020</subfield>
    <subfield code="b">autoritní forma, data</subfield>
  </datafield>
  <datafield tag="670" ind1=" " ind2=" ">
    <subfield code="a">www(Wikipedia, the free encyclopedia), cit. 8. 10. 2020</subfield>
    <subfield code="b">biografické údaje, odkaz viz</subfield>
    <subfield code="u">https://en.wikipedia.org/wiki/Leopold_David_Lewis</subfield>
  </datafield>
  <datafield tag="670" ind1=" " ind2=" ">
    <subfield code="a">www(Wikidata), cit. 8. 10. 2020</subfield>
    <subfield code="b">odkaz viz</subfield>
    <subfield code="u">https://www.wikidata.org/wiki/Q6526931</subfield>
  </datafield>
  <datafield tag="678" ind1="0" ind2=" ">
    <subfield code="a">Britský dramatik.</subfield>
  </datafield>
  <datafield tag="906" ind1=" " ind2=" ">
    <subfield code="a">za20201008</subfield>
    <subfield code="b">xalso</subfield>
  </datafield>
  <datafield tag="906" ind1=" " ind2=" ">
    <subfield code="a">op20201008</subfield>
    <subfield code="b">beba</subfield>
    <subfield code="c">Viz, 670 další výskyt; 024 nově; 670b formální oprava</subfield>
  </datafield>
</record>