

<record>
  <leader>     cz  a22     n  4500</leader>
  <controlfield tag="001">ko20201088472</controlfield>
  <controlfield tag="003">CZ PrNK</controlfield>
  <controlfield tag="005">20201009075942.0</controlfield>
  <controlfield tag="008">201008|n|aznnnaabn           n a|a      </controlfield>
  <datafield tag="040" ind1=" " ind2=" ">
    <subfield code="a">ABA001</subfield>
    <subfield code="b">cze</subfield>
    <subfield code="d">ABA001</subfield>
    <subfield code="e">rda</subfield>
  </datafield>
  <datafield tag="111" ind1="2" ind2=" ">
    <subfield code="a">Česká konference klinické farmakologie</subfield>
    <subfield code="n">(21. :</subfield>
    <subfield code="d">2020 :</subfield>
    <subfield code="c">České Budějovice, Česko)</subfield>
    <subfield code="7">ko20201088472</subfield>
  </datafield>
  <datafield tag="368" ind1=" " ind2=" ">
    <subfield code="a">konference</subfield>
  </datafield>
  <datafield tag="370" ind1=" " ind2=" ">
    <subfield code="c">Česko</subfield>
    <subfield code="e">České Budějovice, Česko</subfield>
  </datafield>
  <datafield tag="372" ind1=" " ind2=" ">
    <subfield code="a">klinická farmakologie</subfield>
  </datafield>
  <datafield tag="377" ind1=" " ind2=" ">
    <subfield code="a">cze</subfield>
  </datafield>
  <datafield tag="670" ind1=" " ind2=" ">
    <subfield code="a">21. česká konference klinické farmakologie ; 23. česká konfrence DURG ; 25. česká konference TDM : program, sborník abstraktů : 10.-12. září 2020, ZSF JU, České Budějovice</subfield>
  </datafield>
  <datafield tag="906" ind1=" " ind2=" ">
    <subfield code="a">za20201008</subfield>
    <subfield code="b">kahr</subfield>
  </datafield>
  <datafield tag="906" ind1=" " ind2=" ">
    <subfield code="a">op20201009</subfield>
    <subfield code="b">svsv</subfield>
    <subfield code="c">Další info - nově; Související místo - nově; Oblast působení - nově; Jazyk - nově</subfield>
  </datafield>
</record>