

<record>
  <leader>     nz  a22     n  4500</leader>
  <datafield tag="900" ind1=" " ind2=" ">
    <subfield code="a">J-NÁVRH-STT</subfield>
  </datafield>
  <controlfield tag="001">jo20201088480</controlfield>
  <controlfield tag="003">CZ PrNK</controlfield>
  <controlfield tag="005">20201008162722.0</controlfield>
  <controlfield tag="008">201008|n|aznnnaabn           n a|a      </controlfield>
  <datafield tag="040" ind1=" " ind2=" ">
    <subfield code="a">ABA001</subfield>
    <subfield code="b">cze</subfield>
    <subfield code="e">rda</subfield>
  </datafield>
  <datafield tag="046" ind1=" " ind2=" ">
    <subfield code="f">1731</subfield>
    <subfield code="g">1797</subfield>
  </datafield>
  <datafield tag="100" ind1="1" ind2=" ">
    <subfield code="a">&lt;&lt;z &gt;&gt;Valdštejna, Vincenc,</subfield>
    <subfield code="c">hrabě,</subfield>
    <subfield code="d">1731-1797</subfield>
    <subfield code="7">jo20201088480</subfield>
  </datafield>
  <datafield tag="368" ind1=" " ind2=" ">
    <subfield code="d">císařský komorník a tajný rada</subfield>
    <subfield code="d">dědičný předkraječ v Království českém</subfield>
  </datafield>
  <datafield tag="370" ind1=" " ind2=" ">
    <subfield code="b">Třebíč, Česko</subfield>
    <subfield code="c">Česko</subfield>
    <subfield code="f">Mnichovo Hradiště, Česko</subfield>
  </datafield>
  <datafield tag="372" ind1=" " ind2=" ">
    <subfield code="a">hospodářské dvory</subfield>
    <subfield code="a">podnikání</subfield>
  </datafield>
  <datafield tag="374" ind1=" " ind2=" ">
    <subfield code="a">šlechtici</subfield>
    <subfield code="a">podnikatelé</subfield>
  </datafield>
  <datafield tag="375" ind1=" " ind2=" ">
    <subfield code="a">muž</subfield>
  </datafield>
  <datafield tag="377" ind1=" " ind2=" ">
    <subfield code="a">cze</subfield>
    <subfield code="a">ger</subfield>
    <subfield code="a">lat</subfield>
  </datafield>
  <datafield tag="400" ind1="1" ind2=" ">
    <subfield code="a">&lt;&lt;z &gt;&gt;Valdštejna a Vartenberka, Vincenc,</subfield>
    <subfield code="d">1731-1797</subfield>
    <subfield code="0">o</subfield>
  </datafield>
  <datafield tag="400" ind1="1" ind2=" ">
    <subfield code="a">Waldstein-Wartenberg, Vincenc von,</subfield>
    <subfield code="d">1731-1797</subfield>
    <subfield code="0">o</subfield>
  </datafield>
  <datafield tag="400" ind1="1" ind2=" ">
    <subfield code="a">Waldstein und Wartenberg, Vincentius von,</subfield>
    <subfield code="d">1731-1797</subfield>
    <subfield code="0">o</subfield>
  </datafield>
  <datafield tag="400" ind1="1" ind2=" ">
    <subfield code="a">&lt;&lt;z &gt;&gt;Waldsstegnu a Wartenberku, Wincencyus,</subfield>
    <subfield code="d">1731-1797</subfield>
    <subfield code="0">o</subfield>
  </datafield>
  <datafield tag="670" ind1=" " ind2=" ">
    <subfield code="a">Geho Excellency Wysoce Vrozeného Pána Pána Wincencyusa Swaté Ržjmské Ržjsse Hraběte z Waldsstegnu, a Wartenberku ... Společných Ssaffářůw Nauvčenj [!], Dle čehož pokračowati magj, Wytisstěno w Praze w Karoljně : v Kateřiny Labaunowý, Wdowy, 1761</subfield>
    <subfield code="b">odkaz viz, biografické údaje</subfield>
  </datafield>
  <datafield tag="670" ind1=" " ind2=" ">
    <subfield code="a">Jhro Excellenz Des Hochgebohrnen ... Herrn Vincentii ... Grafen von Waldstein und Wartenberg, ... Gesamten Schaffers-Leuten Unterrichtung, Kraft welcher dieselben nachzuleben haben. Gedruckt zu Prag in Carolin : bey Catharina Labaunin Wittib, 1761</subfield>
    <subfield code="b">odkaz viz, biografické údaje</subfield>
  </datafield>
  <datafield tag="670" ind1=" " ind2=" ">
    <subfield code="a">Průšková, Helena: Hrabě Vincenc z Valdštejna. In: Od Ještěda k Troskám : vlastivědný sborník Českého ráje a Podještědí Turnov, 2013, roč. 30, č. 2, s. 137-141.</subfield>
    <subfield code="b">autoritní forma, biografické údaje</subfield>
  </datafield>
  <datafield tag="670" ind1=" " ind2=" ">
    <subfield code="a">Průšková, Helena: Můj dům, můj hrad, 2006</subfield>
    <subfield code="b">biografické údaje</subfield>
  </datafield>
  <datafield tag="670" ind1=" " ind2=" ">
    <subfield code="a">Pumprla, Václav: Knihopisný slovník českých, slovenských a cizích autorů 16.-18. století, 2010</subfield>
    <subfield code="b">odkazy viz, biografické údaje</subfield>
  </datafield>
  <datafield tag="678" ind1="0" ind2=" ">
    <subfield code="a">Narozen 15.7. 1731, zemřel 10.4. 1797 v Třebíči (Česko). Osvícensky orietnovaný šlechtic, svobodný zednář, podnikatel a v letech 1755-1797 držitel panství Mnichovo Hradiště. Autor hospodářské příručky z r. 1761, která vyšla souběžně v češtině i němčině.</subfield>
  </datafield>
  <datafield tag="906" ind1=" " ind2=" ">
    <subfield code="a">za20201008</subfield>
    <subfield code="b">dama</subfield>
  </datafield>
</record>