

<record>
  <leader>     nz  a22     n  4500</leader>
  <datafield tag="900" ind1=" " ind2=" ">
    <subfield code="a">J-NÁVRH-STT</subfield>
  </datafield>
  <controlfield tag="001">ntk20201088482</controlfield>
  <controlfield tag="003">CZ PrNK</controlfield>
  <controlfield tag="005">20201008164512.0</controlfield>
  <controlfield tag="008">201008|n|aznnnaabn           n a|a      </controlfield>
  <datafield tag="024" ind1="7" ind2=" ">
    <subfield code="a">0000000061814199</subfield>
    <subfield code="2">isni</subfield>
  </datafield>
  <datafield tag="040" ind1=" " ind2=" ">
    <subfield code="a">ABA013</subfield>
    <subfield code="b">cze</subfield>
    <subfield code="e">rda</subfield>
  </datafield>
  <datafield tag="046" ind1=" " ind2=" ">
    <subfield code="g">1704</subfield>
  </datafield>
  <datafield tag="100" ind1="1" ind2=" ">
    <subfield code="a">Baptist, Jacobus,</subfield>
    <subfield code="d">-1704</subfield>
    <subfield code="7">ntk20201088482</subfield>
  </datafield>
  <datafield tag="370" ind1=" " ind2=" ">
    <subfield code="a">Doetinchem, Nizozemsko</subfield>
    <subfield code="b">Amsterdam, Nizozemsko</subfield>
    <subfield code="c">Nizozemsko</subfield>
    <subfield code="f">Amsterdam, Nizozemsko</subfield>
  </datafield>
  <datafield tag="372" ind1=" " ind2=" ">
    <subfield code="a">výtvarné umění</subfield>
    <subfield code="a">rytiny</subfield>
    <subfield code="a">mědirytiny</subfield>
    <subfield code="a">knižní ilustrace</subfield>
  </datafield>
  <datafield tag="374" ind1=" " ind2=" ">
    <subfield code="a">výtvarní umělci</subfield>
    <subfield code="a">rytci</subfield>
    <subfield code="a">mědirytci</subfield>
    <subfield code="a">grafici</subfield>
  </datafield>
  <datafield tag="375" ind1=" " ind2=" ">
    <subfield code="a">muž</subfield>
  </datafield>
  <datafield tag="377" ind1=" " ind2=" ">
    <subfield code="a">lat</subfield>
    <subfield code="a">spa</subfield>
    <subfield code="a">fre</subfield>
  </datafield>
  <datafield tag="400" ind1="1" ind2=" ">
    <subfield code="a">Baptist, Jacob,</subfield>
    <subfield code="d">-1704</subfield>
    <subfield code="0">o</subfield>
  </datafield>
  <datafield tag="400" ind1="1" ind2=" ">
    <subfield code="a">Baptist, Jakob,</subfield>
    <subfield code="d">-1704</subfield>
    <subfield code="0">o</subfield>
  </datafield>
  <datafield tag="400" ind1="1" ind2=" ">
    <subfield code="a">Baptist, Jac.,</subfield>
    <subfield code="d">-1704</subfield>
    <subfield code="0">o</subfield>
  </datafield>
  <datafield tag="400" ind1="1" ind2=" ">
    <subfield code="a">Baptist, J.,</subfield>
    <subfield code="d">-1704</subfield>
    <subfield code="0">o</subfield>
  </datafield>
  <datafield tag="400" ind1="1" ind2=" ">
    <subfield code="a">Babtist, Jacob,</subfield>
    <subfield code="d">-1704</subfield>
    <subfield code="0">o</subfield>
  </datafield>
  <datafield tag="400" ind1="1" ind2=" ">
    <subfield code="a">Babtist, Jacobus,</subfield>
    <subfield code="d">-1704</subfield>
    <subfield code="0">o</subfield>
  </datafield>
  <datafield tag="400" ind1="1" ind2=" ">
    <subfield code="a">Babtist, Jakob,</subfield>
    <subfield code="d">-1704</subfield>
    <subfield code="0">o</subfield>
  </datafield>
  <datafield tag="400" ind1="1" ind2=" ">
    <subfield code="a">Babtist, J.,</subfield>
    <subfield code="d">-1704</subfield>
    <subfield code="0">o</subfield>
  </datafield>
  <datafield tag="670" ind1=" " ind2=" ">
    <subfield code="a">NOUVEAUX ELEMENTS D'ALGEBRE, OU PRINCIPES GENERAUX, Pour resoudre toutes sortes de Problêmes DE MATHEMATIQUE. Par M. OZANAM, ... PREMIERE PARTIE. A AMSTERDAM: Chez GEORGE GALLET, 1702. Alegorická rytina na frontispisu, signovaná Ph. Tideman del., J. Baptist sc.</subfield>
    <subfield code="b">odkaz viz</subfield>
    <subfield code="u">http://books.google.cz/books?vid=NKP:1003290577&amp;printsec=frontcover</subfield>
  </datafield>
  <datafield tag="670" ind1=" " ind2=" ">
    <subfield code="a">KB - NBN, cit. 8. 10. 2020</subfield>
    <subfield code="b">autoritní forma, odkaz viz</subfield>
    <subfield code="u">https://picarta.oclc.org/psi/xslt/DB=3.9/XMLPRS=Y/PPN?PPN=091515343</subfield>
  </datafield>
  <datafield tag="670" ind1=" " ind2=" ">
    <subfield code="a">www(RKD - Netherlands Institute for Art History: Jacobus Baptist), cit. 8. 10. 2020</subfield>
    <subfield code="b">místo narození a datum a místo úmrtí, biografická a profesní data</subfield>
    <subfield code="u">https://rkd.nl/explore/artists/246045</subfield>
  </datafield>
  <datafield tag="670" ind1=" " ind2=" ">
    <subfield code="a">DNB, cit. 8. 10. 2020</subfield>
    <subfield code="b">odkazy viz, data činnosti</subfield>
    <subfield code="u">http://d-nb.info/gnd/138524653</subfield>
  </datafield>
  <datafield tag="678" ind1="0" ind2=" ">
    <subfield code="a">Nizozemský grafik, rytec a knižní ilustrátor, pravděpodobně francouzského původu. Narodil se mezi léty 1658-1678, zemřel mezi 10.-20. 5. 1704. Byl činný v Amterdamu v letech 1694-1704, vytvořil zejména mnoho rytin výtvorů malíře Philipa Tiedemana (1657-1705) pro knižní ilustrace.</subfield>
  </datafield>
  <datafield tag="906" ind1=" " ind2=" ">
    <subfield code="a">za20201008</subfield>
    <subfield code="b">evbr</subfield>
  </datafield>
  <datafield tag="906" ind1=" " ind2=" ">
    <subfield code="a">ko20201008</subfield>
    <subfield code="b">evbr</subfield>
  </datafield>
</record>