

<record>
  <leader>     nz  a22     n  4500</leader>
  <controlfield tag="001">fd1088488</controlfield>
  <controlfield tag="003">CZ PrNK</controlfield>
  <controlfield tag="005">20201008181526.0</controlfield>
  <controlfield tag="008">201008|n|anznnbabn           n a|a      </controlfield>
  <datafield tag="040" ind1=" " ind2=" ">
    <subfield code="a">ABA001</subfield>
    <subfield code="b">cze</subfield>
  </datafield>
  <datafield tag="080" ind1=" " ind2=" ">
    <subfield code="a">(086.7/.8)</subfield>
    <subfield code="2">MRF_2014</subfield>
  </datafield>
  <datafield tag="155" ind1=" " ind2=" ">
    <subfield code="a">vizuální alba</subfield>
    <subfield code="7">fd1088488</subfield>
  </datafield>
  <datafield tag="455" ind1=" " ind2=" ">
    <subfield code="a">alba vizuální</subfield>
    <subfield code="0">o</subfield>
  </datafield>
  <datafield tag="555" ind1=" " ind2=" ">
    <subfield code="w">g</subfield>
    <subfield code="a">hudební filmy</subfield>
    <subfield code="7">fd1087339</subfield>
  </datafield>
  <datafield tag="555" ind1=" " ind2=" ">
    <subfield code="w">g</subfield>
    <subfield code="a">zvukové záznamy</subfield>
    <subfield code="7">fd202535</subfield>
  </datafield>
  <datafield tag="677" ind1=" " ind2=" ">
    <subfield code="a">Souhrn hudebních nahrávek a videí vydaný jako jeden celek, tj. trvalý záznam několika spřízněných audionahrávek jednoho interpreta doprovázených sérií videí, případně filmem, vydaných pro veřejnost.</subfield>
  </datafield>
  <datafield tag="755" ind1="0" ind2="7">
    <subfield code="a">visual albums</subfield>
    <subfield code="2">eczenas</subfield>
  </datafield>
  <datafield tag="906" ind1=" " ind2=" ">
    <subfield code="a">wp20201008</subfield>
    <subfield code="b">maba</subfield>
  </datafield>
</record>