

<record>
  <leader>     nz  a22     n  4500</leader>
  <controlfield tag="001">xx0252572</controlfield>
  <controlfield tag="003">CZ PrNK</controlfield>
  <controlfield tag="005">20201009093811.0</controlfield>
  <controlfield tag="008">201009|n|aznnnaabn           n a|a      </controlfield>
  <datafield tag="040" ind1=" " ind2=" ">
    <subfield code="a">ABH306</subfield>
    <subfield code="b">cze</subfield>
    <subfield code="d">ABA001</subfield>
    <subfield code="e">rda</subfield>
  </datafield>
  <datafield tag="046" ind1=" " ind2=" ">
    <subfield code="f">1960</subfield>
  </datafield>
  <datafield tag="100" ind1="1" ind2=" ">
    <subfield code="a">Štourač, František,</subfield>
    <subfield code="d">1960-</subfield>
    <subfield code="7">xx0252572</subfield>
  </datafield>
  <datafield tag="368" ind1=" " ind2=" ">
    <subfield code="d">ak. mal.</subfield>
  </datafield>
  <datafield tag="370" ind1=" " ind2=" ">
    <subfield code="c">Česko</subfield>
    <subfield code="f">Bystré, Svitavy, Česko</subfield>
  </datafield>
  <datafield tag="372" ind1=" " ind2=" ">
    <subfield code="a">malířství</subfield>
    <subfield code="a">restaurátorství</subfield>
  </datafield>
  <datafield tag="374" ind1=" " ind2=" ">
    <subfield code="a">malíři</subfield>
    <subfield code="a">restaurátoři</subfield>
  </datafield>
  <datafield tag="375" ind1=" " ind2=" ">
    <subfield code="a">muž</subfield>
  </datafield>
  <datafield tag="377" ind1=" " ind2=" ">
    <subfield code="a">cze</subfield>
  </datafield>
  <datafield tag="667" ind1=" " ind2=" ">
    <subfield code="a">Restaurátorská licence: MK ČR 13465/2010 OPP.</subfield>
  </datafield>
  <datafield tag="667" ind1=" " ind2=" ">
    <subfield code="a">IČO(Registr ekonomických subjektů ČSÚ v ARES): 01237969.</subfield>
  </datafield>
  <datafield tag="670" ind1=" " ind2=" ">
    <subfield code="a">Hušák, Roman - Martincová, Marie - Šťourač, Jiří: Restaurování nástěnných maleb v klenbě hlavní lodi zámecké kaple Nanebevzetí Panny Marie v Žamberku, 2012</subfield>
    <subfield code="b">autoritní forma</subfield>
  </datafield>
  <datafield tag="670" ind1=" " ind2=" ">
    <subfield code="a">www(Seznam osob s povolením Ministerstva kultury k restaurování kulturních památek), cit. 10. 6. 2020</subfield>
    <subfield code="b">rok narození, titul (alternativně pole 368), související místo (alternativně pole 370), pole 372, 374, 667, 678</subfield>
  </datafield>
  <datafield tag="670" ind1=" " ind2=" ">
    <subfield code="a">www(Registr ekonomických subjektů ČSÚ v ARES), cit. 8. 10. 2020</subfield>
    <subfield code="b">související místo (alternativně pole 370), pole 667</subfield>
  </datafield>
  <datafield tag="678" ind1="0" ind2=" ">
    <subfield code="a">Narozen roku 1960. Akademický malíř a restaurátor. Zabývá se restaurováním malířských uměleckých děl - nástěnných maleb a figurálních sgrafit.</subfield>
  </datafield>
  <datafield tag="906" ind1=" " ind2=" ">
    <subfield code="a">za20201009</subfield>
    <subfield code="b">xzdkr</subfield>
  </datafield>
  <datafield tag="906" ind1=" " ind2=" ">
    <subfield code="a">fr20201009</subfield>
    <subfield code="b">lisi</subfield>
  </datafield>
</record>