

<record>
  <leader>     cz  a22     n  4500</leader>
  <controlfield tag="001">xx0252578</controlfield>
  <controlfield tag="003">CZ PrNK</controlfield>
  <controlfield tag="005">20201009085307.0</controlfield>
  <controlfield tag="008">201009|n|aznnnaabn           n a|a      </controlfield>
  <datafield tag="040" ind1=" " ind2=" ">
    <subfield code="a">ABH306</subfield>
    <subfield code="b">cze</subfield>
    <subfield code="d">ABA001</subfield>
    <subfield code="e">rda</subfield>
  </datafield>
  <datafield tag="046" ind1=" " ind2=" ">
    <subfield code="f">1700</subfield>
    <subfield code="g">1753</subfield>
  </datafield>
  <datafield tag="100" ind1="1" ind2=" ">
    <subfield code="a">Devoty, Jan Albert,</subfield>
    <subfield code="d">asi 1700-asi 1753</subfield>
    <subfield code="7">xx0252578</subfield>
  </datafield>
  <datafield tag="MOR" ind1="0" ind2=" ">
    <subfield code="a">Devoty, Jan Albert,</subfield>
    <subfield code="d">kolem 1700-po 1753</subfield>
    <subfield code="7">xx0252578</subfield>
  </datafield>
  <datafield tag="370" ind1=" " ind2=" ">
    <subfield code="c">Česko</subfield>
    <subfield code="f">Hrochův Týnec, Česko</subfield>
    <subfield code="f">Pardubice, Česko</subfield>
  </datafield>
  <datafield tag="372" ind1=" " ind2=" ">
    <subfield code="a">řezbářství</subfield>
    <subfield code="a">sochařství</subfield>
  </datafield>
  <datafield tag="374" ind1=" " ind2=" ">
    <subfield code="a">řezbáři</subfield>
    <subfield code="a">sochaři</subfield>
  </datafield>
  <datafield tag="375" ind1=" " ind2=" ">
    <subfield code="a">muž</subfield>
  </datafield>
  <datafield tag="667" ind1=" " ind2=" ">
    <subfield code="a">Zdroj www(abArt) uvádí činnost okolo roku 1723.</subfield>
  </datafield>
  <datafield tag="670" ind1=" " ind2=" ">
    <subfield code="a">Paukrt, Václav: Nové připsání k dílu východočeského sochaře Jana Alberta Devotyho. (Sochařská výzdoba závěru kostela sv.Františka Serafinského v Chocni). In: Zprávy památkové péče. Roč. 62(2020), č. 5, s. 122-125</subfield>
    <subfield code="b">autoritní forma, přibližné roky narození a úmrtí, národnost, související místo (alternativně pole 370)</subfield>
  </datafield>
  <datafield tag="670" ind1=" " ind2=" ">
    <subfield code="a">www(Informační systém abART), cit. 7. 10. 2020</subfield>
    <subfield code="b">pole 372, 374, 375</subfield>
  </datafield>
  <datafield tag="670" ind1=" " ind2=" ">
    <subfield code="a">www(Národní galerie v Praze, Katalog Portago), cit. 7. 10. 2020</subfield>
    <subfield code="b">přibližné roky narození a úmrtí</subfield>
  </datafield>
  <datafield tag="678" ind1="0" ind2=" ">
    <subfield code="a">Narozen kolem roku 1700, zemřel po roce 1753. Sochař působící ve východních Čechách, představitel českého barokního umění.</subfield>
  </datafield>
  <datafield tag="906" ind1=" " ind2=" ">
    <subfield code="a">za20201009</subfield>
    <subfield code="b">xzdkr</subfield>
  </datafield>
  <datafield tag="906" ind1=" " ind2=" ">
    <subfield code="a">oz20201009</subfield>
    <subfield code="b">lisi</subfield>
    <subfield code="c">Záhlaví - formální opravy citace</subfield>
  </datafield>
</record>