

<record>
  <leader>     nz  a22     n  4500</leader>
  <datafield tag="900" ind1=" " ind2=" ">
    <subfield code="a">*J-NÁVRH</subfield>
  </datafield>
  <controlfield tag="001">ola20201088508</controlfield>
  <controlfield tag="003">CZ PrNK</controlfield>
  <controlfield tag="005">20201009083907.0</controlfield>
  <controlfield tag="008">201009|n|aznnnaabn           n a|a      </controlfield>
  <datafield tag="040" ind1=" " ind2=" ">
    <subfield code="a">OLA001</subfield>
    <subfield code="b">cze</subfield>
    <subfield code="e">rda</subfield>
  </datafield>
  <datafield tag="046" ind1=" " ind2=" ">
    <subfield code="f">1913</subfield>
    <subfield code="g">1949</subfield>
  </datafield>
  <datafield tag="100" ind1="1" ind2=" ">
    <subfield code="a">Ocelka, Antonín,</subfield>
    <subfield code="d">1913-1949</subfield>
    <subfield code="7">ola20201088508</subfield>
  </datafield>
  <datafield tag="370" ind1=" " ind2=" ">
    <subfield code="a">Lipník nad Bečvou, Česko</subfield>
    <subfield code="b">Ronov nad Doubravou, Česko</subfield>
    <subfield code="c">Česko</subfield>
  </datafield>
  <datafield tag="372" ind1=" " ind2=" ">
    <subfield code="a">vojenské letectvo</subfield>
    <subfield code="a">letecká technika</subfield>
    <subfield code="a">stíhací letadla</subfield>
  </datafield>
  <datafield tag="374" ind1=" " ind2=" ">
    <subfield code="a">letečtí mechanici</subfield>
    <subfield code="a">stíhací letci</subfield>
    <subfield code="a">vojáci</subfield>
  </datafield>
  <datafield tag="375" ind1=" " ind2=" ">
    <subfield code="a">muž</subfield>
  </datafield>
  <datafield tag="377" ind1=" " ind2=" ">
    <subfield code="a">cze</subfield>
  </datafield>
  <datafield tag="670" ind1=" " ind2=" ">
    <subfield code="a">Vančata, Pavel: Vocelovej : osudy velitele 311. perutě RAF Josefa Ocelky DCF a jeho bratra, stíhocího pilota Antonína ocelky, 2020</subfield>
    <subfield code="b">autoritní forma, datum narození a úmrtí, biografické údaje</subfield>
  </datafield>
  <datafield tag="670" ind1=" " ind2=" ">
    <subfield code="a">www(Spolek pro vojenská pietní místa), cit. 2. 10. 2020</subfield>
    <subfield code="b">místo úmrtí</subfield>
  </datafield>
  <datafield tag="670" ind1=" " ind2=" ">
    <subfield code="a">www(Armed Conflicts), cit. 2. 10. 2020</subfield>
    <subfield code="b">autoritní forma, datum narození a úmrtí, biografické údaje</subfield>
  </datafield>
  <datafield tag="670" ind1=" " ind2=" ">
    <subfield code="a">www(Vančata, Pavel: Říkali mu Vocelovej. Byl u prvního náletu 311. perutě, později jí i velel Zdroj iDnes.cz, Magazíny), cit. 2. 10. 2020</subfield>
    <subfield code="b">autoritní forma, datum narození a úmrtí, biografické údaje</subfield>
  </datafield>
  <datafield tag="678" ind1="0" ind2=" ">
    <subfield code="a">Narozen 27. 5. 1913 v kolonii Nové Drovy v Lipníku nad Bečvou, zemřel 1. 8. 1949 v Ronově nad Doubravkou. Letecký mechanik a stíhací pilot, vyučil se strojním mechanikem.</subfield>
  </datafield>
  <datafield tag="906" ind1=" " ind2=" ">
    <subfield code="a">ko20201009</subfield>
    <subfield code="b">vepo</subfield>
  </datafield>
</record>