

<record>
  <leader>     nz  a22     n  4500</leader>
  <controlfield tag="001">xx0252592</controlfield>
  <controlfield tag="003">CZ PrNK</controlfield>
  <controlfield tag="005">20201009131141.0</controlfield>
  <controlfield tag="008">201009|n|aznnnaabn          ln a|a      </controlfield>
  <datafield tag="040" ind1=" " ind2=" ">
    <subfield code="a">LIA001</subfield>
    <subfield code="b">cze</subfield>
    <subfield code="d">ABA001</subfield>
    <subfield code="e">rda</subfield>
  </datafield>
  <datafield tag="110" ind1="1" ind2=" ">
    <subfield code="a">Liberec (Česko).</subfield>
    <subfield code="b">Městské zastupitelstvo</subfield>
    <subfield code="7">xx0252592</subfield>
  </datafield>
  <datafield tag="368" ind1=" " ind2=" ">
    <subfield code="a">zastupitelské úřady</subfield>
    <subfield code="a">městské úřady</subfield>
  </datafield>
  <datafield tag="370" ind1=" " ind2=" ">
    <subfield code="c">Česko</subfield>
    <subfield code="e">Liberec, Česko</subfield>
  </datafield>
  <datafield tag="372" ind1=" " ind2=" ">
    <subfield code="a">místní správa</subfield>
  </datafield>
  <datafield tag="377" ind1=" " ind2=" ">
    <subfield code="a">ger</subfield>
  </datafield>
  <datafield tag="410" ind1="1" ind2=" ">
    <subfield code="a">Liberec (Česko).</subfield>
    <subfield code="b">Zastupitelstvo města</subfield>
    <subfield code="0">o</subfield>
  </datafield>
  <datafield tag="410" ind1="1" ind2=" ">
    <subfield code="a">Liberec (Česko).</subfield>
    <subfield code="b">Stadtverordnete-Collegium</subfield>
    <subfield code="2">czeger</subfield>
    <subfield code="0">o</subfield>
  </datafield>
  <datafield tag="410" ind1="1" ind2=" ">
    <subfield code="a">Liberec (Česko).</subfield>
    <subfield code="b">Stadtverordnete-Kollegium</subfield>
    <subfield code="2">czeger</subfield>
    <subfield code="0">o</subfield>
  </datafield>
  <datafield tag="410" ind1="2" ind2=" ">
    <subfield code="a">Zastupitelstvo města Liberec</subfield>
    <subfield code="0">o</subfield>
  </datafield>
  <datafield tag="410" ind1="2" ind2=" ">
    <subfield code="a">Městské zastupitelstvo Liberec</subfield>
    <subfield code="0">o</subfield>
  </datafield>
  <datafield tag="410" ind1="2" ind2=" ">
    <subfield code="a">Stadtverordnete-Collegium in Reichenberg</subfield>
    <subfield code="2">czeger</subfield>
    <subfield code="0">o</subfield>
  </datafield>
  <datafield tag="670" ind1=" " ind2=" ">
    <subfield code="a">Verzeichnis der Sectionen und Commissionen des Stadtverordneten-Collegiums pro ..., [ne před 1850-ne po 1945]</subfield>
  </datafield>
  <datafield tag="670" ind1=" " ind2=" ">
    <subfield code="a">Bock, Jiří: Hospodářské poměry a správní vývoj Liberce v letech 1622-1850. In: Fontes Nissae = Prameny Nisy. Roč. XX, 2019, č. 1, s. 27</subfield>
    <subfield code="b">autoritní forma, odkaz viz, poznámka</subfield>
  </datafield>
  <datafield tag="678" ind1=" " ind2=" ">
    <subfield code="a">Městské zastupitelstvo vzniklo roku 1848 přejmenováním malého výboru magistrátu.</subfield>
  </datafield>
  <datafield tag="906" ind1=" " ind2=" ">
    <subfield code="a">za20201009</subfield>
    <subfield code="b">xhekor</subfield>
  </datafield>
  <datafield tag="906" ind1=" " ind2=" ">
    <subfield code="a">vr20201009</subfield>
    <subfield code="b">svsv</subfield>
  </datafield>
</record>