

<record>
  <leader>     cz  a22     n  4500</leader>
  <controlfield tag="001">ko20201088547</controlfield>
  <controlfield tag="003">CZ PrNK</controlfield>
  <controlfield tag="005">20201009135956.0</controlfield>
  <controlfield tag="008">201009|n|aznnnaabn           n a|a      </controlfield>
  <datafield tag="040" ind1=" " ind2=" ">
    <subfield code="a">ABA001</subfield>
    <subfield code="b">cze</subfield>
    <subfield code="d">ABA001</subfield>
    <subfield code="e">rda</subfield>
  </datafield>
  <datafield tag="110" ind1="2" ind2=" ">
    <subfield code="a">Eisei Bunko</subfield>
    <subfield code="7">ko20201088547</subfield>
  </datafield>
  <datafield tag="MOR" ind1="1" ind2=" ">
    <subfield code="a">Eisei Bunko (Tokio, Japonsko)</subfield>
    <subfield code="7">ko20201088547</subfield>
  </datafield>
  <datafield tag="368" ind1=" " ind2=" ">
    <subfield code="a">muzea</subfield>
  </datafield>
  <datafield tag="370" ind1=" " ind2=" ">
    <subfield code="c">Japonsko</subfield>
    <subfield code="e">Tokio, Japonsko</subfield>
  </datafield>
  <datafield tag="372" ind1=" " ind2=" ">
    <subfield code="a">muzejní sbírky</subfield>
    <subfield code="a">umělecké sbírky</subfield>
    <subfield code="a">historické dokumenty</subfield>
    <subfield code="a">výtvarné umění</subfield>
  </datafield>
  <datafield tag="377" ind1=" " ind2=" ">
    <subfield code="a">jpn</subfield>
    <subfield code="a">chi</subfield>
    <subfield code="a">eng</subfield>
  </datafield>
  <datafield tag="410" ind1="2" ind2=" ">
    <subfield code="a">Hosokawa-ke Eisei Bunko</subfield>
    <subfield code="0">o</subfield>
  </datafield>
  <datafield tag="410" ind1="2" ind2=" ">
    <subfield code="a">Yong qing wen ku</subfield>
    <subfield code="0">o</subfield>
  </datafield>
  <datafield tag="670" ind1=" " ind2=" ">
    <subfield code="a">Shu juan wei mei you yi chang qing : Riben Yong qing wen ku juan zeng Han ji ru cang Zhongguo guo jia tu shu guan zhan tu lu, 2018</subfield>
    <subfield code="b">odkaz viz</subfield>
  </datafield>
  <datafield tag="670" ind1=" " ind2=" ">
    <subfield code="a">LC (Names), cit. 9. 10. 2020</subfield>
    <subfield code="b">autoritní forma, odkaz viz</subfield>
  </datafield>
  <datafield tag="670" ind1=" " ind2=" ">
    <subfield code="a">www(Eisei Bunko), cit. 9. 10. 2020</subfield>
    <subfield code="u">http://www.eiseibunko.com/english/index.html</subfield>
  </datafield>
  <datafield tag="670" ind1=" " ind2=" ">
    <subfield code="a">www(Wikipedia, the free encyclopedia), cit. 9. 10. 2020</subfield>
    <subfield code="b">další info, oblast působení</subfield>
    <subfield code="u">https://en.wikipedia.org/wiki/Eisei_Bunko_Museum</subfield>
  </datafield>
  <datafield tag="906" ind1=" " ind2=" ">
    <subfield code="a">za20201009</subfield>
    <subfield code="b">full</subfield>
  </datafield>
  <datafield tag="906" ind1=" " ind2=" ">
    <subfield code="a">oz20201009</subfield>
    <subfield code="b">svsv</subfield>
    <subfield code="c">Záhlaví - oprava; Viz - oprava; Zdroj - oprava; URL - oprava</subfield>
  </datafield>
</record>