

<record>
  <leader>     nz  a22     n  4500</leader>
  <controlfield tag="001">zmp20201088550</controlfield>
  <controlfield tag="003">CZ PrNK</controlfield>
  <controlfield tag="005">20201009132913.0</controlfield>
  <controlfield tag="008">201009|n|aznnnaabn           n a|a      </controlfield>
  <datafield tag="040" ind1=" " ind2=" ">
    <subfield code="a">ABE323</subfield>
    <subfield code="b">cze</subfield>
    <subfield code="d">ABA001</subfield>
    <subfield code="e">rda</subfield>
  </datafield>
  <datafield tag="110" ind1="2" ind2=" ">
    <subfield code="a">Verein zur Unterstützung Hilfsbedürftiger Israelitischer Lehrer, Lehrer-Wittwen und -Waisen in Deutschland</subfield>
    <subfield code="7">zmp20201088550</subfield>
  </datafield>
  <datafield tag="368" ind1=" " ind2=" ">
    <subfield code="a">židovské instituce a organizace</subfield>
  </datafield>
  <datafield tag="370" ind1=" " ind2=" ">
    <subfield code="c">Německo</subfield>
  </datafield>
  <datafield tag="372" ind1=" " ind2=" ">
    <subfield code="a">učitelé</subfield>
    <subfield code="a">vdovy</subfield>
    <subfield code="a">sirotci</subfield>
    <subfield code="a">finanční podpora</subfield>
    <subfield code="a">charitativní činnost</subfield>
    <subfield code="a">sociální péče</subfield>
    <subfield code="a">sociální pomoc</subfield>
  </datafield>
  <datafield tag="377" ind1=" " ind2=" ">
    <subfield code="a">ger</subfield>
  </datafield>
  <datafield tag="510" ind1="2" ind2=" ">
    <subfield code="w">b</subfield>
    <subfield code="a">Achawa (organizace)</subfield>
    <subfield code="7">zmp20201088548</subfield>
  </datafield>
  <datafield tag="670" ind1=" " ind2=" ">
    <subfield code="a">Vereinsbuch / Achawa ; herausgegeben vom Vereine zur Unterstützung Hilfsbedürftiger Israelitischer Lehrer, Lehrer-Wittwen und -Waisen in Deutschland. Leipzig, 1866-1868.</subfield>
  </datafield>
  <datafield tag="670" ind1=" " ind2=" ">
    <subfield code="a">LC (Names), cit. 9. 10. 2020</subfield>
    <subfield code="b">autoritní forma, odkaz viz též</subfield>
  </datafield>
  <datafield tag="906" ind1=" " ind2=" ">
    <subfield code="a">za20201009</subfield>
    <subfield code="b">godi</subfield>
  </datafield>
  <datafield tag="906" ind1=" " ind2=" ">
    <subfield code="a">vr20201009</subfield>
    <subfield code="b">svsv</subfield>
  </datafield>
</record>