

<record>
  <leader>     nz  a22     n  4500</leader>
  <controlfield tag="001">zmp20201088561</controlfield>
  <controlfield tag="003">CZ PrNK</controlfield>
  <controlfield tag="005">20201009135619.0</controlfield>
  <controlfield tag="008">201009|n|aznnnaabn           n a|a      </controlfield>
  <datafield tag="040" ind1=" " ind2=" ">
    <subfield code="a">ABE323</subfield>
    <subfield code="b">cze</subfield>
    <subfield code="d">ABA001</subfield>
    <subfield code="e">rda</subfield>
  </datafield>
  <datafield tag="110" ind1="2" ind2=" ">
    <subfield code="a">Adass Jisroel (Berlín, Německo).</subfield>
    <subfield code="b">Krankenheim</subfield>
    <subfield code="7">zmp20201088561</subfield>
  </datafield>
  <datafield tag="368" ind1=" " ind2=" ">
    <subfield code="a">židovské instituce a organizace</subfield>
    <subfield code="a">nemocnice</subfield>
    <subfield code="s">1904</subfield>
    <subfield code="t">1941</subfield>
  </datafield>
  <datafield tag="370" ind1=" " ind2=" ">
    <subfield code="c">Německo</subfield>
    <subfield code="e">Berlín, Německo</subfield>
  </datafield>
  <datafield tag="372" ind1=" " ind2=" ">
    <subfield code="a">nemocniční péče</subfield>
    <subfield code="a">lékařská péče</subfield>
  </datafield>
  <datafield tag="377" ind1=" " ind2=" ">
    <subfield code="a">ger</subfield>
  </datafield>
  <datafield tag="410" ind1="2" ind2=" ">
    <subfield code="a">Adass Jisroel (Berlín, Německo).</subfield>
    <subfield code="b">Israelitisches Krankenheim</subfield>
    <subfield code="0">o</subfield>
  </datafield>
  <datafield tag="670" ind1=" " ind2=" ">
    <subfield code="a">Israelitisches Krankenheim der Chewra Kadischah der Israelitischen Synag.-Gem. (Adaß Jisroel). Berlin, 1902.</subfield>
  </datafield>
  <datafield tag="670" ind1=" " ind2=" ">
    <subfield code="a">www(Adass Jisroel, Krankenheim), cit. 9. 10. 2020</subfield>
    <subfield code="b">autoritní forma, odkaz viz, biografické údaje</subfield>
    <subfield code="u">https://adassjisroel.de/gestern/krankenheim-1904-1941/</subfield>
  </datafield>
  <datafield tag="675" ind1=" " ind2=" ">
    <subfield code="a">LC (Names), cit 9. 10. 2020</subfield>
  </datafield>
  <datafield tag="906" ind1=" " ind2=" ">
    <subfield code="a">za20201009</subfield>
    <subfield code="b">godi</subfield>
  </datafield>
  <datafield tag="906" ind1=" " ind2=" ">
    <subfield code="a">vr20201009</subfield>
    <subfield code="b">svsv</subfield>
  </datafield>
</record>