

<record>
  <leader>     nz  a22     n  4500</leader>
  <controlfield tag="001">aun20201088568</controlfield>
  <controlfield tag="003">CZ PrNK</controlfield>
  <controlfield tag="005">20201009122710.0</controlfield>
  <controlfield tag="008">201009|n|aznnnaabn           n a|a      </controlfield>
  <datafield tag="040" ind1=" " ind2=" ">
    <subfield code="a">ABA001</subfield>
    <subfield code="b">cze</subfield>
    <subfield code="e">rda</subfield>
  </datafield>
  <datafield tag="100" ind1="1" ind2=" ">
    <subfield code="a">Grün, Anselm,</subfield>
    <subfield code="d">1945-</subfield>
    <subfield code="t">Versäume nicht dein Leben.</subfield>
    <subfield code="l">Česky</subfield>
    <subfield code="7">aun20201088568</subfield>
  </datafield>
  <datafield tag="400" ind1="1" ind2=" ">
    <subfield code="a">Grün, Anselm,</subfield>
    <subfield code="d">1945-</subfield>
    <subfield code="t">Nepromarni svůj život</subfield>
    <subfield code="0">o</subfield>
  </datafield>
  <datafield tag="670" ind1=" " ind2=" ">
    <subfield code="a">DNB, cit. 09. 10. 2020</subfield>
  </datafield>
  <datafield tag="670" ind1=" " ind2=" ">
    <subfield code="a">www(Wikipedia, die freie Enzyklopädie), cit. 09. 10. 2020</subfield>
  </datafield>
  <datafield tag="670" ind1=" " ind2=" ">
    <subfield code="a">Anselm Grün: Nepromarni svůj život. Praha : Alpha Book, 2020</subfield>
  </datafield>
  <datafield tag="856" ind1="4" ind2="2">
    <subfield code="u">https://www.dtv.de/buch/anselm-gruen-versaeume-nicht-dein-leben-34908/</subfield>
    <subfield code="4">N</subfield>
  </datafield>
  <datafield tag="906" ind1=" " ind2=" ">
    <subfield code="a">br20201009</subfield>
    <subfield code="b">blau</subfield>
  </datafield>
  <datafield tag="906" ind1=" " ind2=" ">
    <subfield code="a">ks20201009</subfield>
    <subfield code="b">blau</subfield>
  </datafield>
</record>