

<record>
  <leader>     nz  a22     n  4500</leader>
  <datafield tag="900" ind1=" " ind2=" ">
    <subfield code="a">K-NÁVRH</subfield>
  </datafield>
  <controlfield tag="001">xx0252602</controlfield>
  <controlfield tag="003">CZ PrNK</controlfield>
  <controlfield tag="005">20201009122120.6</controlfield>
  <controlfield tag="008">201009|n|aznnnaabn           n a|a      </controlfield>
  <datafield tag="040" ind1=" " ind2=" ">
    <subfield code="a">OLD012</subfield>
    <subfield code="b">cze</subfield>
    <subfield code="e">rda</subfield>
  </datafield>
  <datafield tag="111" ind1="2" ind2=" ">
    <subfield code="a">Spheres of interaction (konference)</subfield>
    <subfield code="n">(2. :</subfield>
    <subfield code="d">2017 :</subfield>
    <subfield code="c">Bělehrad, Srbsko)</subfield>
    <subfield code="7">xx0252602</subfield>
  </datafield>
  <datafield tag="368" ind1=" " ind2=" ">
    <subfield code="a">konference</subfield>
  </datafield>
  <datafield tag="370" ind1=" " ind2=" ">
    <subfield code="c">Srbsko</subfield>
    <subfield code="e">Bělehrad, Srbsko</subfield>
  </datafield>
  <datafield tag="372" ind1=" " ind2=" ">
    <subfield code="a">prehistorická archeologie</subfield>
    <subfield code="a">doba bronzová</subfield>
    <subfield code="a">doba železná</subfield>
  </datafield>
  <datafield tag="377" ind1=" " ind2=" ">
    <subfield code="a">eng</subfield>
  </datafield>
  <datafield tag="411" ind1="2" ind2=" ">
    <subfield code="a">PEBA 2017 (konference)</subfield>
    <subfield code="n">(2. :</subfield>
    <subfield code="d">2017 :</subfield>
    <subfield code="c">Bělehrad, Srbsko)</subfield>
    <subfield code="0">o</subfield>
  </datafield>
  <datafield tag="670" ind1=" " ind2=" ">
    <subfield code="a">Gavranović, Mario ... et al. (eds.): Spheres of interaction: contacts and relationships between the Balkans and adjacent regions in the Late Bronze / Iron Age (13th-5th centuries BCE), 2020</subfield>
    <subfield code="b">autoritní forma</subfield>
  </datafield>
  <datafield tag="670" ind1=" " ind2=" ">
    <subfield code="a">www(Univerzita Karlova v Praze - Filozofická fakulta - Ústav pro klasickou archeologii), cit. 9. 10. 2020</subfield>
    <subfield code="b">odkaz viz, biografické údaje</subfield>
  </datafield>
  <datafield tag="906" ind1=" " ind2=" ">
    <subfield code="a">za20201009</subfield>
    <subfield code="b">xpalz</subfield>
  </datafield>
</record>