

<record>
  <leader>     nz  a22     n  4500</leader>
  <controlfield tag="001">jo20201088571</controlfield>
  <controlfield tag="003">CZ PrNK</controlfield>
  <controlfield tag="005">20201009123555.0</controlfield>
  <controlfield tag="008">201009|n|aznnnaabn           n a|a      </controlfield>
  <datafield tag="040" ind1=" " ind2=" ">
    <subfield code="a">ABA001</subfield>
    <subfield code="b">cze</subfield>
    <subfield code="e">rda</subfield>
  </datafield>
  <datafield tag="046" ind1=" " ind2=" ">
    <subfield code="f">1725</subfield>
    <subfield code="g">1803</subfield>
  </datafield>
  <datafield tag="100" ind1="1" ind2=" ">
    <subfield code="a">Guinness, Arthur,</subfield>
    <subfield code="d">1725-1803</subfield>
    <subfield code="7">jo20201088571</subfield>
  </datafield>
  <datafield tag="370" ind1=" " ind2=" ">
    <subfield code="c">Irsko</subfield>
  </datafield>
  <datafield tag="372" ind1=" " ind2=" ">
    <subfield code="a">pivovarnictví</subfield>
  </datafield>
  <datafield tag="374" ind1=" " ind2=" ">
    <subfield code="a">podnikatelé</subfield>
    <subfield code="a">filantropové</subfield>
  </datafield>
  <datafield tag="375" ind1=" " ind2=" ">
    <subfield code="a">muž</subfield>
  </datafield>
  <datafield tag="377" ind1=" " ind2=" ">
    <subfield code="a">eng</subfield>
  </datafield>
  <datafield tag="510" ind1="2" ind2=" ">
    <subfield code="a">Guinness (firma)</subfield>
    <subfield code="7">ko20201087832</subfield>
  </datafield>
  <datafield tag="670" ind1=" " ind2=" ">
    <subfield code="a">LC (Names), cit. 9. 10. 2020</subfield>
    <subfield code="b">autoritní forma, datum narození a úmrtí, biografické údaje</subfield>
  </datafield>
  <datafield tag="670" ind1=" " ind2=" ">
    <subfield code="a">www(Wikipedie, otevřená encyklopedie), cit. 9. 10. 2020</subfield>
    <subfield code="u">https://cs.wikipedia.org/wiki/Arthur_Guinness</subfield>
  </datafield>
  <datafield tag="678" ind1="0" ind2=" ">
    <subfield code="a">Irský pivovarník a podnikatel, zakladatel pivovaru Guinness.</subfield>
  </datafield>
  <datafield tag="906" ind1=" " ind2=" ">
    <subfield code="a">br20201009</subfield>
    <subfield code="b">adpi</subfield>
  </datafield>
</record>