

<record>
  <leader>     nz  a22     n  4500</leader>
  <datafield tag="900" ind1=" " ind2=" ">
    <subfield code="a">K-NÁVRH</subfield>
  </datafield>
  <controlfield tag="001">xx0252604</controlfield>
  <controlfield tag="003">CZ PrNK</controlfield>
  <controlfield tag="005">20201009123358.5</controlfield>
  <controlfield tag="008">201009|n|aznnnaabn           n a|a      </controlfield>
  <datafield tag="040" ind1=" " ind2=" ">
    <subfield code="a">OLD012</subfield>
    <subfield code="b">cze</subfield>
    <subfield code="e">rda</subfield>
  </datafield>
  <datafield tag="111" ind1="2" ind2=" ">
    <subfield code="a">History of programming languages conference</subfield>
    <subfield code="n">(2. :</subfield>
    <subfield code="d">1993 :</subfield>
    <subfield code="c">Cambridge, Massachusetts)</subfield>
    <subfield code="7">xx0252604</subfield>
  </datafield>
  <datafield tag="368" ind1=" " ind2=" ">
    <subfield code="a">konference</subfield>
  </datafield>
  <datafield tag="370" ind1=" " ind2=" ">
    <subfield code="c">Spojené státy americké</subfield>
    <subfield code="e">Cambridge, Massachusetts</subfield>
  </datafield>
  <datafield tag="372" ind1=" " ind2=" ">
    <subfield code="a">programovací jazyky</subfield>
    <subfield code="a">dějiny informatiky</subfield>
  </datafield>
  <datafield tag="377" ind1=" " ind2=" ">
    <subfield code="a">eng</subfield>
  </datafield>
  <datafield tag="411" ind1="2" ind2=" ">
    <subfield code="a">HOPL-II (konference)</subfield>
    <subfield code="n">(2. :</subfield>
    <subfield code="d">1993 :</subfield>
    <subfield code="c">Cambridge, Massachusetts)</subfield>
    <subfield code="0">o</subfield>
  </datafield>
  <datafield tag="670" ind1=" " ind2=" ">
    <subfield code="a">Bergin, Thomas J., Jr. - Gibson, Richard G., Jr. (eds): History of programming languages. II, 1996</subfield>
    <subfield code="b">autoritní forma, odkaz viz, biografické údaje</subfield>
  </datafield>
  <datafield tag="906" ind1=" " ind2=" ">
    <subfield code="a">za20201009</subfield>
    <subfield code="b">xpalz</subfield>
  </datafield>
</record>