

<record>
  <leader>     cz  a22     n  4500</leader>
  <controlfield tag="001">xx0252608</controlfield>
  <controlfield tag="003">CZ PrNK</controlfield>
  <controlfield tag="005">20201009125353.0</controlfield>
  <controlfield tag="008">201009|n|aznnnaabn           n a|a      </controlfield>
  <datafield tag="040" ind1=" " ind2=" ">
    <subfield code="a">CBA001</subfield>
    <subfield code="b">cze</subfield>
    <subfield code="d">ABA001</subfield>
    <subfield code="e">rda</subfield>
  </datafield>
  <datafield tag="110" ind1="2" ind2=" ">
    <subfield code="a">Crocodiles (hudební skupina)</subfield>
    <subfield code="7">xx0252608</subfield>
  </datafield>
  <datafield tag="368" ind1=" " ind2=" ">
    <subfield code="a">hudební skupiny</subfield>
  </datafield>
  <datafield tag="370" ind1=" " ind2=" ">
    <subfield code="c">Spojené státy americké</subfield>
  </datafield>
  <datafield tag="372" ind1=" " ind2=" ">
    <subfield code="a">hudba</subfield>
    <subfield code="a">rock</subfield>
  </datafield>
  <datafield tag="377" ind1=" " ind2=" ">
    <subfield code="a">eng</subfield>
  </datafield>
  <datafield tag="667" ind1=" " ind2=" ">
    <subfield code="a">LC (Names) uvádí z důvodu odlišení hudebních skupin stejného názvu do záhlaví jako doplněk "Rock group".</subfield>
  </datafield>
  <datafield tag="670" ind1=" " ind2=" ">
    <subfield code="a">www(Wikipedia, The Free Encyclopedia), cit. 6. 10. 2020</subfield>
    <subfield code="b">faktogrrafické údaje</subfield>
    <subfield code="u">https://en.wikipedia.org/wiki/Crocodiles_(band)</subfield>
  </datafield>
  <datafield tag="670" ind1=" " ind2=" ">
    <subfield code="a">LC (Names), cit. 6. 10. 2020</subfield>
    <subfield code="b">autoritní podoba ("Crocodiles (Rock group)"), faktografické údaje</subfield>
  </datafield>
  <datafield tag="670" ind1=" " ind2=" ">
    <subfield code="a">Crocodiles Love Is Here / Milan Slezák In: Rock &amp; pop, roč. 30 (2019), č. 6, s. 53</subfield>
  </datafield>
  <datafield tag="678" ind1=" " ind2=" ">
    <subfield code="a">Kalifornská indierocková hudební skupina.</subfield>
  </datafield>
  <datafield tag="906" ind1=" " ind2=" ">
    <subfield code="a">za20201009</subfield>
    <subfield code="b">xmakru</subfield>
  </datafield>
  <datafield tag="906" ind1=" " ind2=" ">
    <subfield code="a">op20201009</subfield>
    <subfield code="b">svsv</subfield>
    <subfield code="c">Zdroj - doplnění</subfield>
  </datafield>
</record>