

<record>
  <leader>     nz  a22     n  4500</leader>
  <datafield tag="900" ind1=" " ind2=" ">
    <subfield code="a">K-NÁVRH</subfield>
  </datafield>
  <controlfield tag="001">ko20201088587</controlfield>
  <controlfield tag="003">CZ PrNK</controlfield>
  <controlfield tag="005">20201009124941.0</controlfield>
  <controlfield tag="008">201009|n|aznnnaabn           n a|a      </controlfield>
  <datafield tag="040" ind1=" " ind2=" ">
    <subfield code="a">ABA001</subfield>
    <subfield code="b">cze</subfield>
    <subfield code="e">rda</subfield>
  </datafield>
  <datafield tag="110" ind1="2" ind2=" ">
    <subfield code="a">Tuvinskij institut kompleksnogo osvojenija prirodnych resursov</subfield>
    <subfield code="7">ko20201088587</subfield>
  </datafield>
  <datafield tag="370" ind1=" " ind2=" ">
    <subfield code="c">Rusko</subfield>
  </datafield>
  <datafield tag="410" ind1="2" ind2=" ">
    <subfield code="a">Rossijskaja akademija nauk.</subfield>
    <subfield code="b">Sibirskoje otdelenije.</subfield>
    <subfield code="b">Tuvinskij institut kompleksnogo osvojenija prirodnych resursov</subfield>
    <subfield code="0">o</subfield>
  </datafield>
  <datafield tag="410" ind1="2" ind2=" ">
    <subfield code="a">Tuvinian Institute for Exploration of Natural Resources</subfield>
    <subfield code="0">o</subfield>
  </datafield>
  <datafield tag="670" ind1=" " ind2=" ">
    <subfield code="a">V.I. Lebedev ; otvetstvennyj redaktor V.V. Jarmoljuk: Fundamental‘nyje i prikladnyje issledovanija TuvIKOPR SO RAN : mežregional‘nyje i meždunarodnyje aspekty = Fundamental and applied investigations of TUVIENR SB RAS : interregional and international aspects</subfield>
  </datafield>
  <datafield tag="670" ind1=" " ind2=" ">
    <subfield code="a">LC (Names)</subfield>
  </datafield>
  <datafield tag="906" ind1=" " ind2=" ">
    <subfield code="a">za20201009</subfield>
    <subfield code="b">japr</subfield>
  </datafield>
</record>