

<record>
  <leader>     nz  a22     n  4500</leader>
  <datafield tag="900" ind1=" " ind2=" ">
    <subfield code="a">J-NÁVRH</subfield>
  </datafield>
  <controlfield tag="001">uk20201088597</controlfield>
  <controlfield tag="003">CZ PrNK</controlfield>
  <controlfield tag="005">20201009134020.0</controlfield>
  <controlfield tag="008">201009|n|aznnnaabn           n a|a      </controlfield>
  <datafield tag="040" ind1=" " ind2=" ">
    <subfield code="a">ABD156</subfield>
    <subfield code="b">cze</subfield>
    <subfield code="e">rda</subfield>
  </datafield>
  <datafield tag="046" ind1=" " ind2=" ">
    <subfield code="f">1904</subfield>
    <subfield code="g">1975</subfield>
  </datafield>
  <datafield tag="100" ind1="1" ind2=" ">
    <subfield code="a">Fischer, Leopold,</subfield>
    <subfield code="d">1904-1975</subfield>
    <subfield code="7">uk20201088597</subfield>
  </datafield>
  <datafield tag="370" ind1=" " ind2=" ">
    <subfield code="a">Zawiercie, Polsko</subfield>
    <subfield code="b">Kolín, Česko</subfield>
    <subfield code="c">Česko</subfield>
  </datafield>
  <datafield tag="372" ind1=" " ind2=" ">
    <subfield code="a">služby v církvi</subfield>
    <subfield code="a">hnutí odporu</subfield>
  </datafield>
  <datafield tag="373" ind1=" " ind2=" ">
    <subfield code="a">Církev československá husitská</subfield>
  </datafield>
  <datafield tag="374" ind1=" " ind2=" ">
    <subfield code="a">faráři</subfield>
  </datafield>
  <datafield tag="375" ind1=" " ind2=" ">
    <subfield code="a">muž</subfield>
  </datafield>
  <datafield tag="377" ind1=" " ind2=" ">
    <subfield code="a">cze</subfield>
  </datafield>
  <datafield tag="670" ind1=" " ind2=" ">
    <subfield code="a">Fischer, Leopold: Duchovní a církevní sněm. In: Náboženská revue, příloha Jednota, roč. 26, č. 6 (1955), s. 81-82</subfield>
  </datafield>
  <datafield tag="670" ind1=" " ind2=" ">
    <subfield code="a">Biografický slovník Církve československé husitské (editoři: Martin Jindra, Marcel Sladkowski), 2020</subfield>
    <subfield code="b">autoritní forma, data, biografické údaje</subfield>
  </datafield>
  <datafield tag="678" ind1="0" ind2=" ">
    <subfield code="a">Narozen 20. 4. 1904 v Zawiercích, zemřel 9. 11 1975 v Kolíně, farář Církve československé husitské, předseda kolínského okrsku a člen pražské diecézní rady, sloužill v Chustu, Jilemnici, Kolíně, během druhé světové války spolupracoval s vojenskou odbojovou organizací Obrana národa.</subfield>
  </datafield>
  <datafield tag="906" ind1=" " ind2=" ">
    <subfield code="a">za20201009</subfield>
    <subfield code="b">ruzena</subfield>
  </datafield>
</record>