

<record>
  <leader>     nz  a22     n  4500</leader>
  <controlfield tag="001">jo20201088601</controlfield>
  <controlfield tag="003">CZ PrNK</controlfield>
  <controlfield tag="005">20201009140256.0</controlfield>
  <controlfield tag="008">201009|n|aznnnaabn           n a|a      </controlfield>
  <datafield tag="040" ind1=" " ind2=" ">
    <subfield code="a">ABA001</subfield>
    <subfield code="b">cze</subfield>
    <subfield code="e">rda</subfield>
  </datafield>
  <datafield tag="046" ind1=" " ind2=" ">
    <subfield code="f">1942</subfield>
  </datafield>
  <datafield tag="100" ind1="1" ind2=" ">
    <subfield code="a">Edgren, J. S.</subfield>
    <subfield code="q">(J. Sören),</subfield>
    <subfield code="d">1942-</subfield>
    <subfield code="7">jo20201088601</subfield>
  </datafield>
  <datafield tag="368" ind1=" " ind2=" ">
    <subfield code="d">Ph.D., University of Stockholm (Sinology)</subfield>
  </datafield>
  <datafield tag="370" ind1=" " ind2=" ">
    <subfield code="c">Švédsko</subfield>
    <subfield code="c">Spojené státy americké</subfield>
  </datafield>
  <datafield tag="372" ind1=" " ind2=" ">
    <subfield code="a">sinologie</subfield>
    <subfield code="a">čínská literatura</subfield>
    <subfield code="a">dějiny knihy</subfield>
    <subfield code="a">dějiny knihtisku</subfield>
  </datafield>
  <datafield tag="373" ind1=" " ind2=" ">
    <subfield code="a">University of Southern California</subfield>
    <subfield code="a">Kungliga Biblioteket (Švédsko)</subfield>
  </datafield>
  <datafield tag="374" ind1=" " ind2=" ">
    <subfield code="a">sinologové</subfield>
    <subfield code="a">vysokoškolští učitelé</subfield>
  </datafield>
  <datafield tag="375" ind1=" " ind2=" ">
    <subfield code="a">muž</subfield>
  </datafield>
  <datafield tag="377" ind1=" " ind2=" ">
    <subfield code="a">eng</subfield>
  </datafield>
  <datafield tag="400" ind1="1" ind2=" ">
    <subfield code="a">Edgren, James Sören,</subfield>
    <subfield code="d">1942-</subfield>
    <subfield code="0">o</subfield>
  </datafield>
  <datafield tag="400" ind1="0" ind2=" ">
    <subfield code="a">Edoguren,</subfield>
    <subfield code="d">1942-</subfield>
    <subfield code="0">o</subfield>
  </datafield>
  <datafield tag="670" ind1=" " ind2=" ">
    <subfield code="a">Keene, Bryan C., ed. Toward a global Middle Ages: encountering the world through illuminated manuscripts (with contributions by Suzanne Conklin Akbari, J. Sören Edgren et al.). Los Angeles: The J. Paul Getty Museum, ©2019</subfield>
  </datafield>
  <datafield tag="670" ind1=" " ind2=" ">
    <subfield code="a">www(Facsimiles, Forgeries, and Mistaken Identity among Chinese Rare Books - Lecture by Sören Edgren. In: USC Event Calendar), cit. 9. 10. 2020</subfield>
    <subfield code="b">biografické údaje</subfield>
  </datafield>
  <datafield tag="670" ind1=" " ind2=" ">
    <subfield code="a">LC (Names), cit. 9. 10. 2020</subfield>
    <subfield code="b">autoritní forma, rok narození, biografické údaje, odkaz viz</subfield>
  </datafield>
  <datafield tag="678" ind1="0" ind2=" ">
    <subfield code="a">Sinolog, vysokoškolský peadagog, specializace na dějiny čínské knihy a knihtisku.</subfield>
  </datafield>
  <datafield tag="906" ind1=" " ind2=" ">
    <subfield code="a">br20201009</subfield>
    <subfield code="b">beba</subfield>
  </datafield>
</record>