

<record>
  <leader>     nz  a22     n  4500</leader>
  <datafield tag="900" ind1=" " ind2=" ">
    <subfield code="a">K-NÁVRH</subfield>
  </datafield>
  <controlfield tag="001">ko20201088604</controlfield>
  <controlfield tag="003">CZ PrNK</controlfield>
  <controlfield tag="005">20201009135850.0</controlfield>
  <controlfield tag="008">201009|n|aznnnaabn           n a|a      </controlfield>
  <datafield tag="040" ind1=" " ind2=" ">
    <subfield code="a">ABA001</subfield>
    <subfield code="b">cze</subfield>
    <subfield code="e">rda</subfield>
  </datafield>
  <datafield tag="111" ind1="2" ind2=" ">
    <subfield code="a">Empresas transnacionales y graves violaciones de derechos humanos en América Latina (seminář)</subfield>
    <subfield code="d">(2017 :</subfield>
    <subfield code="c">Göttingen, Německo)</subfield>
    <subfield code="7">ko20201088604</subfield>
  </datafield>
  <datafield tag="368" ind1=" " ind2=" ">
    <subfield code="a">semináře</subfield>
    <subfield code="a">konference</subfield>
  </datafield>
  <datafield tag="370" ind1=" " ind2=" ">
    <subfield code="c">Německo</subfield>
    <subfield code="e">Göttingen, Německo</subfield>
  </datafield>
  <datafield tag="372" ind1=" " ind2=" ">
    <subfield code="a">lidská práva</subfield>
    <subfield code="a">nadnárodní společnosti</subfield>
  </datafield>
  <datafield tag="377" ind1=" " ind2=" ">
    <subfield code="a">spa</subfield>
  </datafield>
  <datafield tag="670" ind1=" " ind2=" ">
    <subfield code="a">Kai Ambos, María Laura Böhm (eds.) ; Gustavo Urquizo (coord.) ; Kai Ambos, María Laura Böhm, Paulo César Busato, Dino Carlos Caro Coria, Gustavo Emilio Cote Barco, Maria Eugenia Escobar Bravo, Rodrigo Manuel Raskovsky, Vanessa Suelt Cock, Martín Zapata, Lady Nancy Zuluaga Jaramillo: Empresas transnacionales y graves violaciones de derechos humanos en América Latina</subfield>
    <subfield code="b">autoritní forma</subfield>
  </datafield>
  <datafield tag="670" ind1=" " ind2=" ">
    <subfield code="a">www(CEDPAL), cit. 9.10.2020</subfield>
    <subfield code="b">autoritní forma</subfield>
  </datafield>
  <datafield tag="675" ind1=" " ind2=" ">
    <subfield code="a">LC (Names), cit. 9.10.2020</subfield>
  </datafield>
  <datafield tag="906" ind1=" " ind2=" ">
    <subfield code="a">za20201009</subfield>
    <subfield code="b">klou</subfield>
  </datafield>
</record>