

<record>
  <leader>     nz  a22     n  4500</leader>
  <datafield tag="900" ind1=" " ind2=" ">
    <subfield code="a">K-NÁVRH</subfield>
  </datafield>
  <controlfield tag="001">xx0252624</controlfield>
  <controlfield tag="003">CZ PrNK</controlfield>
  <controlfield tag="005">20201009141145.1</controlfield>
  <controlfield tag="008">201009|n|aznnnaabn           n a|a      </controlfield>
  <datafield tag="040" ind1=" " ind2=" ">
    <subfield code="a">OLD012</subfield>
    <subfield code="b">cze</subfield>
    <subfield code="e">rda</subfield>
  </datafield>
  <datafield tag="111" ind1="2" ind2=" ">
    <subfield code="a">Joseph Wilpert (1857-1944) - Exponent der 'Römischen Schule' der christlichen Archäologie (konference)</subfield>
    <subfield code="d">(2007 :</subfield>
    <subfield code="c">Řím, Itálie)</subfield>
    <subfield code="7">xx0252624</subfield>
  </datafield>
  <datafield tag="368" ind1=" " ind2=" ">
    <subfield code="a">mezinárodní konference</subfield>
  </datafield>
  <datafield tag="370" ind1=" " ind2=" ">
    <subfield code="c">Itálie</subfield>
    <subfield code="e">Řím, Itálie</subfield>
  </datafield>
  <datafield tag="372" ind1=" " ind2=" ">
    <subfield code="a">církevní archeologie</subfield>
    <subfield code="a">archeologové</subfield>
  </datafield>
  <datafield tag="377" ind1=" " ind2=" ">
    <subfield code="a">ita</subfield>
    <subfield code="a">ger</subfield>
  </datafield>
  <datafield tag="411" ind1="2" ind2=" ">
    <subfield code="a">Giuseppe Wilpert - archeologo cristiano (konference)</subfield>
    <subfield code="d">(2007 :</subfield>
    <subfield code="c">Řím, Itálie)</subfield>
    <subfield code="2">czeita</subfield>
    <subfield code="0">o</subfield>
  </datafield>
  <datafield tag="670" ind1=" " ind2=" ">
    <subfield code="a">Heid, Stefan (ed.): Giuseppe Wilpert, archologo cristiano: atti del convegno (Roma - 16-19 2007), 2009</subfield>
    <subfield code="b">autoritní forma, odkaz viz, biografické údaje</subfield>
  </datafield>
  <datafield tag="906" ind1=" " ind2=" ">
    <subfield code="a">za20201009</subfield>
    <subfield code="b">xpalz</subfield>
  </datafield>
</record>