

<record>
  <leader>     nz  a22     n  4500</leader>
  <datafield tag="900" ind1=" " ind2=" ">
    <subfield code="a">K-NÁVRH</subfield>
  </datafield>
  <controlfield tag="001">ko20201088616</controlfield>
  <controlfield tag="003">CZ PrNK</controlfield>
  <controlfield tag="005">20201009141919.0</controlfield>
  <controlfield tag="008">201009|n|aznnnaabn           n a|a      </controlfield>
  <datafield tag="040" ind1=" " ind2=" ">
    <subfield code="a">ABA001</subfield>
    <subfield code="b">cze</subfield>
    <subfield code="e">rda</subfield>
  </datafield>
  <datafield tag="110" ind1="2" ind2=" ">
    <subfield code="a">Universität Göttingen.</subfield>
    <subfield code="b">Juristische Fakultät</subfield>
    <subfield code="7">ko20201088616</subfield>
  </datafield>
  <datafield tag="368" ind1=" " ind2=" ">
    <subfield code="a">fakulty vysokých škol</subfield>
  </datafield>
  <datafield tag="370" ind1=" " ind2=" ">
    <subfield code="c">Německo</subfield>
    <subfield code="e">Göttingen, Německo</subfield>
  </datafield>
  <datafield tag="372" ind1=" " ind2=" ">
    <subfield code="a">právnické fakulty</subfield>
    <subfield code="a">vysokoškolské studium</subfield>
    <subfield code="a">právo</subfield>
  </datafield>
  <datafield tag="377" ind1=" " ind2=" ">
    <subfield code="a">ger</subfield>
  </datafield>
  <datafield tag="410" ind1="2" ind2=" ">
    <subfield code="a">Juristische Fakultät der Georg-August Universität Göttingen</subfield>
    <subfield code="0">o</subfield>
  </datafield>
  <datafield tag="410" ind1="2" ind2=" ">
    <subfield code="a">Universität Göttingen.</subfield>
    <subfield code="b">Faculty of Law</subfield>
    <subfield code="2">czeeng</subfield>
    <subfield code="0">o</subfield>
  </datafield>
  <datafield tag="410" ind1="2" ind2=" ">
    <subfield code="a">Göttingen University.</subfield>
    <subfield code="b">Faculty of Law</subfield>
    <subfield code="2">czeeng</subfield>
    <subfield code="0">o</subfield>
  </datafield>
  <datafield tag="510" ind1="2" ind2=" ">
    <subfield code="w">a</subfield>
    <subfield code="a">Universität Göttingen.</subfield>
    <subfield code="b">Rechts- und Staatswissenschaftliche Fakultät</subfield>
    <subfield code="7">ko2008450226</subfield>
  </datafield>
  <datafield tag="665" ind1=" " ind2=" ">
    <subfield code="a">V roce 1913 se název Juristische Fakultät změnil na Rechts- und Staatswissenschaftliche Fakultät; v roce 1962 návrat k původnímu Juristische Fakultät.</subfield>
  </datafield>
  <datafield tag="670" ind1=" " ind2=" ">
    <subfield code="a">Kai Ambos, María Laura Böhm (eds.) ; Gustavo Urquizo (coord.) ; Kai Ambos, María Laura Böhm, Paulo César Busato, Dino Carlos Caro Coria, Gustavo Emilio Cote Barco, Maria Eugenia Escobar Bravo, Rodrigo Manuel Raskovsky, Vanessa Suelt Cock, Martín Zapata, Lady Nancy Zuluaga Jaramillo: Empresas transnacionales y graves violaciones de derechos humanos en América Latina</subfield>
    <subfield code="b">autoritní forma</subfield>
  </datafield>
  <datafield tag="670" ind1=" " ind2=" ">
    <subfield code="a">LC (Names), cit. 9.10.2020</subfield>
    <subfield code="b">autoritní forma; odkaz viz též; komplexní poznámka</subfield>
  </datafield>
  <datafield tag="670" ind1=" " ind2=" ">
    <subfield code="a">www(Georg-August-Universität Göttingen), cit. 9.10.2020</subfield>
    <subfield code="b">autoritní forma; odkazy viz</subfield>
  </datafield>
  <datafield tag="906" ind1=" " ind2=" ">
    <subfield code="a">za20201009</subfield>
    <subfield code="b">klou</subfield>
  </datafield>
</record>