

<record>
  <leader>     nz  a22     n  4500</leader>
  <datafield tag="900" ind1=" " ind2=" ">
    <subfield code="a">K-NÁVRH</subfield>
  </datafield>
  <controlfield tag="001">ko20201088619</controlfield>
  <controlfield tag="003">CZ PrNK</controlfield>
  <controlfield tag="005">20201009142718.0</controlfield>
  <controlfield tag="008">201009|n|aznnnaabn           n a|a      </controlfield>
  <datafield tag="040" ind1=" " ind2=" ">
    <subfield code="a">ABA001</subfield>
    <subfield code="b">cze</subfield>
    <subfield code="e">rda</subfield>
  </datafield>
  <datafield tag="110" ind1="2" ind2=" ">
    <subfield code="a">Centro de Estudios de Derecho Penal y Procesal Penal Latinoamericano</subfield>
    <subfield code="7">ko20201088619</subfield>
  </datafield>
  <datafield tag="368" ind1=" " ind2=" ">
    <subfield code="a">instituce a organizace</subfield>
    <subfield code="a">ústavy vysokých škol</subfield>
  </datafield>
  <datafield tag="370" ind1=" " ind2=" ">
    <subfield code="c">Německo</subfield>
    <subfield code="e">Göttingen, Německo</subfield>
  </datafield>
  <datafield tag="372" ind1=" " ind2=" ">
    <subfield code="a">trestní právo</subfield>
    <subfield code="a">trestní právo procesní</subfield>
    <subfield code="a">trestní řízení</subfield>
    <subfield code="a">kriminologie</subfield>
  </datafield>
  <datafield tag="377" ind1=" " ind2=" ">
    <subfield code="a">spa</subfield>
    <subfield code="a">por</subfield>
  </datafield>
  <datafield tag="410" ind1="2" ind2=" ">
    <subfield code="a">CEDPAL</subfield>
    <subfield code="0">o</subfield>
  </datafield>
  <datafield tag="410" ind1="2" ind2=" ">
    <subfield code="a">Centro de Estudos de Direito Penal e Processual Penal Latino-americano</subfield>
    <subfield code="2">czepor</subfield>
    <subfield code="0">o</subfield>
  </datafield>
  <datafield tag="410" ind1="2" ind2=" ">
    <subfield code="a">Forschungsstelle für lateinamerikanisches Straf- und Strafprozessrecht</subfield>
    <subfield code="2">czeger</subfield>
    <subfield code="0">o</subfield>
  </datafield>
  <datafield tag="410" ind1="2" ind2=" ">
    <subfield code="a">Universität Göttingen.</subfield>
    <subfield code="b">Juristische Fakultät.</subfield>
    <subfield code="b">Forschungsstelle für lateinamerikanisches Straf- und Strafprozessrecht</subfield>
    <subfield code="2">czeger</subfield>
    <subfield code="0">o</subfield>
  </datafield>
  <datafield tag="670" ind1=" " ind2=" ">
    <subfield code="a">Kai Ambos, María Laura Böhm (eds.) ; Gustavo Urquizo (coord.) ; Kai Ambos, María Laura Böhm, Paulo César Busato, Dino Carlos Caro Coria, Gustavo Emilio Cote Barco, Maria Eugenia Escobar Bravo, Rodrigo Manuel Raskovsky, Vanessa Suelt Cock, Martín Zapata, Lady Nancy Zuluaga Jaramillo: Empresas transnacionales y graves violaciones de derechos humanos en América Latina</subfield>
    <subfield code="b">autoritní forma</subfield>
  </datafield>
  <datafield tag="670" ind1=" " ind2=" ">
    <subfield code="a">LC (Names), cit. 9.10.2020</subfield>
    <subfield code="b">autoritní forma; odkazy viz</subfield>
  </datafield>
  <datafield tag="670" ind1=" " ind2=" ">
    <subfield code="a">www(CEDPAL), cit. 9.10.2020</subfield>
    <subfield code="b">autoritní forma; odkazy viz</subfield>
  </datafield>
  <datafield tag="906" ind1=" " ind2=" ">
    <subfield code="a">za20201009</subfield>
    <subfield code="b">klou</subfield>
  </datafield>
</record>