

<record>
  <leader>     nz  a22     n  4500</leader>
  <datafield tag="900" ind1=" " ind2=" ">
    <subfield code="a">N-NÁVRH-VP</subfield>
  </datafield>
  <controlfield tag="001">aun20201088623</controlfield>
  <controlfield tag="003">CZ PrNK</controlfield>
  <controlfield tag="005">20201009143429.0</controlfield>
  <controlfield tag="008">201009|n|aznnnaabn           n a|a      </controlfield>
  <datafield tag="040" ind1=" " ind2=" ">
    <subfield code="a">ABA004</subfield>
    <subfield code="b">cze</subfield>
    <subfield code="e">rda</subfield>
  </datafield>
  <datafield tag="100" ind1="1" ind2=" ">
    <subfield code="a">Walker, James,</subfield>
    <subfield code="d">asi 1748-asi 1822.</subfield>
    <subfield code="t">Paramythia or mental pastimes being original anecdotes, historical, descriptive, humourous, and witty collected chiefly during a long residence at the court of Russia, by the author.</subfield>
    <subfield code="7">aun20201088623</subfield>
  </datafield>
  <datafield tag="670" ind1=" " ind2=" ">
    <subfield code="a">www(books.google), cit. 9. 10. 2020</subfield>
    <subfield code="u">https://books.google.cz/books?id=KYBxAwAAQBAJ&amp;pg=PA103&amp;lpg=PA103&amp;dq=walker+james+paramythia&amp;source=bl&amp;ots=VZI44_2dGC&amp;sig=ACfU3U3QOlpkFRJVgbUczWF0RYj31K0oCQ&amp;hl=cs&amp;sa=X&amp;ved=2ahUKEwjT2O_twKfsAhXNNcAKHfiIDq4Q6AEwDXoECAkQAg#v=onepage&amp;q=walker%20james%20paramythia&amp;f=false</subfield>
  </datafield>
  <datafield tag="670" ind1=" " ind2=" ">
    <subfield code="a">Engraved in the memory :James Walker, engraver to the Empress Catherine the Great, and his Russian anecdotes; 1993</subfield>
  </datafield>
  <datafield tag="906" ind1=" " ind2=" ">
    <subfield code="a">za20201009</subfield>
    <subfield code="b">mahr</subfield>
  </datafield>
</record>