

<record>
  <leader>     nz  a22     n  4500</leader>
  <datafield tag="900" ind1=" " ind2=" ">
    <subfield code="a">*J-NÁVRH-STT</subfield>
  </datafield>
  <controlfield tag="001">ola20201088627</controlfield>
  <controlfield tag="003">CZ PrNK</controlfield>
  <controlfield tag="005">20201009144941.0</controlfield>
  <controlfield tag="008">201009|n|aznnnaabn           n a|a      </controlfield>
  <datafield tag="040" ind1=" " ind2=" ">
    <subfield code="a">OLA001</subfield>
    <subfield code="b">cze</subfield>
    <subfield code="e">rda</subfield>
  </datafield>
  <datafield tag="046" ind1=" " ind2=" ">
    <subfield code="g">1608</subfield>
  </datafield>
  <datafield tag="100" ind1="0" ind2=" ">
    <subfield code="a">Vilém Zoubek ze Zdětína,</subfield>
    <subfield code="d">-1608</subfield>
    <subfield code="7">ola20201088627</subfield>
  </datafield>
  <datafield tag="370" ind1=" " ind2=" ">
    <subfield code="c">Morava, Česko</subfield>
  </datafield>
  <datafield tag="374" ind1=" " ind2=" ">
    <subfield code="a">úředníci</subfield>
    <subfield code="a">písaři</subfield>
  </datafield>
  <datafield tag="375" ind1=" " ind2=" ">
    <subfield code="a">muž</subfield>
  </datafield>
  <datafield tag="377" ind1=" " ind2=" ">
    <subfield code="a">lat</subfield>
  </datafield>
  <datafield tag="400" ind1="1" ind2=" ">
    <subfield code="a">ze Zdětína, Vilém Zoubek,</subfield>
    <subfield code="d">-1608</subfield>
    <subfield code="0">o</subfield>
  </datafield>
  <datafield tag="400" ind1="0" ind2=" ">
    <subfield code="a">Vilém Zoubek ze Zdětína na Zdounkách a Habrovanech,</subfield>
    <subfield code="d">-1608</subfield>
    <subfield code="0">o</subfield>
  </datafield>
  <datafield tag="400" ind1="1" ind2=" ">
    <subfield code="a">ze Zdětína na Zdounkách a Habrovanech, Vilém Zoubek</subfield>
    <subfield code="0">o</subfield>
  </datafield>
  <datafield tag="670" ind1=" " ind2=" ">
    <subfield code="a">Ottův slovník naučný: illustrovaná encyklopaedie obecných vědomostí. J. Otto. s. 679.</subfield>
    <subfield code="b">autoritní forma</subfield>
  </datafield>
  <datafield tag="670" ind1=" " ind2=" ">
    <subfield code="a">HLAVÁČEK, Petr. Habrovany: 1350-2000. Habrovany: Obec Habrovany, 2000, s. 161. ISBN 80-238-6024-0.</subfield>
    <subfield code="b">biografické údaje</subfield>
  </datafield>
  <datafield tag="670" ind1=" " ind2=" ">
    <subfield code="a">M. Zemek, E 31 Jesuité v Uherském Hradišti, inventář, Brno 1955</subfield>
  </datafield>
  <datafield tag="670" ind1=" " ind2=" ">
    <subfield code="a">Bozio, Tommaso. De jure status, sive de jure divino et naturali ecclesiasticae libertatis et potestatis. Nunc primum in Germania excusus. Coloniae Agrippinae: Apud Ioannem Gymnicum, 1600. [20], 797 s. [Na přední desce zlacené slepotiskové supralibros s erbem Zoubků ze Zdětína s textem: "WYLIM ZAVBEK ZEZDIETINA NEYWYZSSY PISARZMAR.MOR"]</subfield>
  </datafield>
  <datafield tag="678" ind1="0" ind2=" ">
    <subfield code="a">Nejvyšší písař Markrabství moravského v letech 1601-1608.</subfield>
  </datafield>
  <datafield tag="856" ind1="4" ind2="2">
    <subfield code="u">https://kramerius5.nkp.cz/uuid/uuid:3c422330-0ef2-11e5-b269-5ef3fc9bb22f</subfield>
    <subfield code="4">N</subfield>
  </datafield>
  <datafield tag="856" ind1="4" ind2="2">
    <subfield code="u">http://habrovany.petr-hlavacek.cz/cd_html/18_zoubk.html</subfield>
    <subfield code="4">N</subfield>
  </datafield>
  <datafield tag="856" ind1="4" ind2="2">
    <subfield code="u">https://www.monasterium.net/mom/CZ-MZA/E31/1608_I_18/charter</subfield>
    <subfield code="4">N</subfield>
  </datafield>
  <datafield tag="906" ind1=" " ind2=" ">
    <subfield code="a">za20201009</subfield>
    <subfield code="b">krusna</subfield>
  </datafield>
</record>