

<record>
  <leader>     nz  a22     n  4500</leader>
  <datafield tag="900" ind1=" " ind2=" ">
    <subfield code="a">*K-NÁVRH</subfield>
  </datafield>
  <controlfield tag="001">olak20201088640</controlfield>
  <controlfield tag="003">CZ PrNK</controlfield>
  <controlfield tag="005">20201009153626.0</controlfield>
  <controlfield tag="008">201009|n|aznnnaabn           n a|a      </controlfield>
  <datafield tag="040" ind1=" " ind2=" ">
    <subfield code="a">OLA001</subfield>
    <subfield code="b">cze</subfield>
    <subfield code="e">rda</subfield>
  </datafield>
  <datafield tag="110" ind1="2" ind2=" ">
    <subfield code="a">Dialect (firma)</subfield>
    <subfield code="7">olak20201088640</subfield>
  </datafield>
  <datafield tag="368" ind1=" " ind2=" ">
    <subfield code="a">jazykové agentury</subfield>
  </datafield>
  <datafield tag="370" ind1=" " ind2=" ">
    <subfield code="c">Česko</subfield>
    <subfield code="e">Brno, Česko</subfield>
  </datafield>
  <datafield tag="372" ind1=" " ind2=" ">
    <subfield code="a">jazyková výuka</subfield>
    <subfield code="a">překlady</subfield>
  </datafield>
  <datafield tag="377" ind1=" " ind2=" ">
    <subfield code="a">cze</subfield>
  </datafield>
  <datafield tag="410" ind1="2" ind2=" ">
    <subfield code="a">Dialect, s.r.o.</subfield>
    <subfield code="0">o</subfield>
  </datafield>
  <datafield tag="410" ind1="2" ind2=" ">
    <subfield code="a">Dialect s.r.o.</subfield>
    <subfield code="0">o</subfield>
  </datafield>
  <datafield tag="670" ind1=" " ind2=" ">
    <subfield code="a">Martinková, Dagmar (ed.): Čítanka (nejen) pro volyňské Čechy = Čytanka (ne tìl‘ky) dlja volyns‘kych Čechìv (překlad do ukrajinštiny Dialect s.r.o., Vladimír Turek), 2020</subfield>
    <subfield code="b">autoritní forma, odkaz viz</subfield>
  </datafield>
  <datafield tag="670" ind1=" " ind2=" ">
    <subfield code="a">www(oficiální stránka korporace), cit. 9. 10. 2020</subfield>
    <subfield code="b">autoritní forma, poznámky</subfield>
  </datafield>
  <datafield tag="670" ind1=" " ind2=" ">
    <subfield code="a">www(Ares), cit. 9. 10. 2020</subfield>
    <subfield code="b">autoritní forma, odkaz viz, poznámky</subfield>
  </datafield>
  <datafield tag="906" ind1=" " ind2=" ">
    <subfield code="a">ko20201009</subfield>
    <subfield code="b">vepo</subfield>
  </datafield>
</record>