

<record>
  <leader>     nz  a22     n  4500</leader>
  <datafield tag="900" ind1=" " ind2=" ">
    <subfield code="a">K-NÁVRH</subfield>
  </datafield>
  <controlfield tag="001">ko20201088656</controlfield>
  <controlfield tag="003">CZ PrNK</controlfield>
  <controlfield tag="005">20201010141939.0</controlfield>
  <controlfield tag="008">201010|n|aznnnaabn           n a|a      </controlfield>
  <datafield tag="040" ind1=" " ind2=" ">
    <subfield code="a">ABA001</subfield>
    <subfield code="b">cze</subfield>
    <subfield code="e">rda</subfield>
  </datafield>
  <datafield tag="111" ind1="2" ind2=" ">
    <subfield code="a">Medzinárodná konferencia "Doba popolnicových polí a doba halštatská"</subfield>
    <subfield code="n">(15. :</subfield>
    <subfield code="d">2018 :</subfield>
    <subfield code="c">Smolenice, Slovensko)</subfield>
    <subfield code="7">ko20201088656</subfield>
  </datafield>
  <datafield tag="368" ind1=" " ind2=" ">
    <subfield code="a">konference</subfield>
    <subfield code="a">mezinárodní konference</subfield>
  </datafield>
  <datafield tag="370" ind1=" " ind2=" ">
    <subfield code="c">Slovensko</subfield>
    <subfield code="e">Smolenice, Slovensko</subfield>
  </datafield>
  <datafield tag="372" ind1=" " ind2=" ">
    <subfield code="a">archeologické kultury</subfield>
    <subfield code="a">archeologické lokality</subfield>
    <subfield code="a">archeologické výzkumy</subfield>
    <subfield code="a">kultury popelnicových polí</subfield>
  </datafield>
  <datafield tag="377" ind1=" " ind2=" ">
    <subfield code="a">slo</subfield>
    <subfield code="a">cze</subfield>
  </datafield>
  <datafield tag="411" ind1="2" ind2=" ">
    <subfield code="a">Medzinárodná konferencia Doba popolnicových polí a doba halštatská</subfield>
    <subfield code="n">(15. :</subfield>
    <subfield code="d">2018 :</subfield>
    <subfield code="c">Smolenice, Slovensko)</subfield>
    <subfield code="0">o</subfield>
  </datafield>
  <datafield tag="411" ind1="2" ind2=" ">
    <subfield code="a">Doba popolnicových polí a doba halštatská (konference)</subfield>
    <subfield code="n">(15. :</subfield>
    <subfield code="d">2018 :</subfield>
    <subfield code="c">Smolenice, Slovensko)</subfield>
    <subfield code="0">o</subfield>
  </datafield>
  <datafield tag="670" ind1=" " ind2=" ">
    <subfield code="a">Vladimír Mitáš, Ondrej Ožďáni (editori): Doba popolnicových polí a doba halštatská : zborník príspevkov z XV. medzinárodnej konferencie Doba popolnicových polí a doba halštatská, Smolenice 15.-19. október 2018</subfield>
    <subfield code="b">autoritní forma; odkazy viz</subfield>
  </datafield>
  <datafield tag="670" ind1=" " ind2=" ">
    <subfield code="a">www(Archeologický ústav Slovenskej akadémie vied), cit. 10.10.2020</subfield>
    <subfield code="b">autoritní forma; odkazy viz</subfield>
  </datafield>
  <datafield tag="670" ind1=" " ind2=" ">
    <subfield code="a">www(SAS),cit. 10.10.2020</subfield>
    <subfield code="b">autoritní forma</subfield>
  </datafield>
  <datafield tag="675" ind1=" " ind2=" ">
    <subfield code="a">LC (Names), cit. 10.10.2020</subfield>
  </datafield>
  <datafield tag="906" ind1=" " ind2=" ">
    <subfield code="a">za20201010</subfield>
    <subfield code="b">klou</subfield>
  </datafield>
</record>