

<record>
  <leader>     nz  a22     n  4500</leader>
  <controlfield tag="001">jo20201088659</controlfield>
  <controlfield tag="003">CZ PrNK</controlfield>
  <controlfield tag="005">20201010193727.0</controlfield>
  <controlfield tag="008">201010|n|aznnnaabn           n a|a      </controlfield>
  <datafield tag="040" ind1=" " ind2=" ">
    <subfield code="a">ABA001</subfield>
    <subfield code="b">cze</subfield>
    <subfield code="e">rda</subfield>
  </datafield>
  <datafield tag="100" ind1="1" ind2=" ">
    <subfield code="a">West, Alex J.</subfield>
    <subfield code="7">jo20201088659</subfield>
  </datafield>
  <datafield tag="368" ind1=" " ind2=" ">
    <subfield code="d">MA, Leiden University (Asian Studies)</subfield>
    <subfield code="s">2017</subfield>
  </datafield>
  <datafield tag="368" ind1=" " ind2=" ">
    <subfield code="d">MSc, University of Oxford (Social Anthropology)</subfield>
    <subfield code="s">2011</subfield>
  </datafield>
  <datafield tag="370" ind1=" " ind2=" ">
    <subfield code="c">Nizozemsko</subfield>
  </datafield>
  <datafield tag="372" ind1=" " ind2=" ">
    <subfield code="a">sociální antropologie</subfield>
    <subfield code="a">orientalistika</subfield>
    <subfield code="a">středověké rukopisy</subfield>
    <subfield code="a">sundská literatura</subfield>
    <subfield code="a">překlady do angličtiny</subfield>
  </datafield>
  <datafield tag="374" ind1=" " ind2=" ">
    <subfield code="a">sociální antropologové</subfield>
    <subfield code="a">orientalisté</subfield>
    <subfield code="a">vysokoškolští učitelé</subfield>
  </datafield>
  <datafield tag="375" ind1=" " ind2=" ">
    <subfield code="a">muž</subfield>
  </datafield>
  <datafield tag="377" ind1=" " ind2=" ">
    <subfield code="a">eng</subfield>
    <subfield code="a">sun</subfield>
  </datafield>
  <datafield tag="400" ind1="1" ind2=" ">
    <subfield code="a">West, Alexander</subfield>
    <subfield code="0">o</subfield>
  </datafield>
  <datafield tag="400" ind1="1" ind2=" ">
    <subfield code="a">West, A. J.</subfield>
    <subfield code="0">o</subfield>
  </datafield>
  <datafield tag="670" ind1=" " ind2=" ">
    <subfield code="a">Keene, Bryan C., ed. Toward a global Middle Ages: encountering the world through illuminated manuscripts (with contributions by Suzanne Conklin Akbari, Alex J. West et al.). Los Angeles: The J. Paul Getty Museum, ©2019</subfield>
    <subfield code="b">autoritní forma</subfield>
  </datafield>
  <datafield tag="670" ind1=" " ind2=" ">
    <subfield code="a">www(Alexander West - Leiden University), cit. 10. 10. 2020</subfield>
    <subfield code="b">biografické údaje, odkazy viz</subfield>
  </datafield>
  <datafield tag="675" ind1=" " ind2=" ">
    <subfield code="a">KB-NBN, cit. 10. 10. 2020;</subfield>
    <subfield code="a">LC (Names), cit. 10. 10. 2020</subfield>
  </datafield>
  <datafield tag="678" ind1="0" ind2=" ">
    <subfield code="a">Sociální antropolog, orientalista, vysokoškolský pedagog, překladatel sundské poezie do angličtiny.</subfield>
  </datafield>
  <datafield tag="906" ind1=" " ind2=" ">
    <subfield code="a">br20201010</subfield>
    <subfield code="b">beba</subfield>
  </datafield>
</record>